%YAML 1.1
%TAG !u! tag:unity3d.com,2011:
--- !u!29 &1
SceneSettings:
  m_ObjectHideFlags: 0
  m_PVSData: 
  m_PVSObjectsArray: []
  m_PVSPortalsArray: []
  m_OcclusionBakeSettings:
    smallestOccluder: 5
    smallestHole: .25
    backfaceThreshold: 100
--- !u!104 &2
RenderSettings:
  m_Fog: 0
  m_FogColor: {r: .5, g: .5, b: .5, a: 1}
  m_FogMode: 3
  m_FogDensity: .00999999978
  m_LinearFogStart: 0
  m_LinearFogEnd: 300
  m_AmbientLight: {r: .200000003, g: .200000003, b: .200000003, a: 1}
  m_SkyboxMaterial: {fileID: 0}
  m_HaloStrength: .5
  m_FlareStrength: 1
  m_FlareFadeSpeed: 3
  m_HaloTexture: {fileID: 0}
  m_SpotCookie: {fileID: 0}
  m_ObjectHideFlags: 0
--- !u!127 &3
LevelGameManager:
  m_ObjectHideFlags: 0
--- !u!157 &4
LightmapSettings:
  m_ObjectHideFlags: 0
  m_LightProbes: {fileID: 0}
  m_Lightmaps: []
  m_LightmapsMode: 1
  m_BakedColorSpace: 0
  m_UseDualLightmapsInForward: 0
  m_LightmapEditorSettings:
    m_Resolution: 50
    m_LastUsedResolution: 0
    m_TextureWidth: 1024
    m_TextureHeight: 1024
    m_BounceBoost: 1
    m_BounceIntensity: 1
    m_SkyLightColor: {r: .860000014, g: .930000007, b: 1, a: 1}
    m_SkyLightIntensity: 0
    m_Quality: 0
    m_Bounces: 1
    m_FinalGatherRays: 1000
    m_FinalGatherContrastThreshold: .0500000007
    m_FinalGatherGradientThreshold: 0
    m_FinalGatherInterpolationPoints: 15
    m_AOAmount: 0
    m_AOMaxDistance: .100000001
    m_AOContrast: 1
    m_LODSurfaceMappingDistance: 1
    m_Padding: 0
    m_TextureCompression: 0
    m_LockAtlas: 0
--- !u!196 &5
NavMeshSettings:
  m_ObjectHideFlags: 0
  m_BuildSettings:
    agentRadius: .5
    agentHeight: 2
    agentSlope: 45
    agentClimb: .400000006
    ledgeDropHeight: 0
    maxJumpAcrossDistance: 0
    accuratePlacement: 0
    minRegionArea: 2
    widthInaccuracy: 16.666666
    heightInaccuracy: 10
  m_NavMesh: {fileID: 0}
--- !u!1 &23382496
GameObject:
  m_ObjectHideFlags: 0
  m_PrefabParentObject: {fileID: 100000, guid: 4465826b37a62c64cb4ed8828711752f, type: 2}
  m_PrefabInternal: {fileID: 2011022890}
  serializedVersion: 4
  m_Component:
  - 4: {fileID: 23382501}
  - 33: {fileID: 23382500}
  - 65: {fileID: 23382499}
  - 23: {fileID: 23382498}
  - 114: {fileID: 23382497}
  - 54: {fileID: 23382502}
  m_Layer: 0
  m_Name: PickUp
  m_TagString: PickUp
  m_Icon: {fileID: 0}
  m_NavMeshLayer: 0
  m_StaticEditorFlags: 0
  m_IsActive: 1
--- !u!114 &23382497
MonoBehaviour:
  m_ObjectHideFlags: 0
  m_PrefabParentObject: {fileID: 11400000, guid: 4465826b37a62c64cb4ed8828711752f,
    type: 2}
  m_PrefabInternal: {fileID: 2011022890}
  m_GameObject: {fileID: 23382496}
  m_Enabled: 1
  m_EditorHideFlags: 0
  m_Script: {fileID: 11500000, guid: 6e60f938053500f47b9734ee7c6a0a27, type: 3}
  m_Name: 
  m_EditorClassIdentifier: 
  currency: {fileID: 400000, guid: 03dcb32a8da25844ca3efeb16d77633c, type: 2}
  powerup: {fileID: 400000, guid: bf16ab2fc93be014ba831e1bd9b35a55, type: 2}
--- !u!23 &23382498
Renderer:
  m_ObjectHideFlags: 0
  m_PrefabParentObject: {fileID: 2300000, guid: 4465826b37a62c64cb4ed8828711752f,
    type: 2}
  m_PrefabInternal: {fileID: 2011022890}
  m_GameObject: {fileID: 23382496}
  m_Enabled: 1
  m_CastShadows: 1
  m_ReceiveShadows: 1
  m_LightmapIndex: 255
  m_LightmapTilingOffset: {x: 1, y: 1, z: 0, w: 0}
  m_Materials:
  - {fileID: 10302, guid: 0000000000000000f000000000000000, type: 0}
  m_SubsetIndices: 
  m_StaticBatchRoot: {fileID: 0}
  m_UseLightProbes: 0
  m_LightProbeAnchor: {fileID: 0}
  m_ScaleInLightmap: 1
  m_SortingLayerID: 0
  m_SortingOrder: 0
--- !u!65 &23382499
BoxCollider:
  m_ObjectHideFlags: 0
  m_PrefabParentObject: {fileID: 6500000, guid: 4465826b37a62c64cb4ed8828711752f,
    type: 2}
  m_PrefabInternal: {fileID: 2011022890}
  m_GameObject: {fileID: 23382496}
  m_Material: {fileID: 0}
  m_IsTrigger: 1
  m_Enabled: 1
  serializedVersion: 2
  m_Size: {x: 1, y: 1, z: 1}
  m_Center: {x: 0, y: 0, z: 0}
--- !u!33 &23382500
MeshFilter:
  m_ObjectHideFlags: 0
  m_PrefabParentObject: {fileID: 3300000, guid: 4465826b37a62c64cb4ed8828711752f,
    type: 2}
  m_PrefabInternal: {fileID: 2011022890}
  m_GameObject: {fileID: 23382496}
  m_Mesh: {fileID: 10202, guid: 0000000000000000e000000000000000, type: 0}
--- !u!4 &23382501
Transform:
  m_ObjectHideFlags: 0
  m_PrefabParentObject: {fileID: 400000, guid: 4465826b37a62c64cb4ed8828711752f, type: 2}
  m_PrefabInternal: {fileID: 2011022890}
  m_GameObject: {fileID: 23382496}
  m_LocalRotation: {x: .461939991, y: .191341996, z: .191341996, w: .844623029}
  m_LocalPosition: {x: -4.02089977, y: .5, z: -2.20420003}
  m_LocalScale: {x: .5, y: .49999997, z: .5}
  m_Children: []
  m_Father: {fileID: 1493345241}
  m_RootOrder: 8
--- !u!54 &23382502
Rigidbody:
  m_ObjectHideFlags: 0
  m_PrefabParentObject: {fileID: 5400000, guid: 4465826b37a62c64cb4ed8828711752f,
    type: 2}
  m_PrefabInternal: {fileID: 2011022890}
  m_GameObject: {fileID: 23382496}
  serializedVersion: 2
  m_Mass: 1
  m_Drag: 0
  m_AngularDrag: .0500000007
  m_UseGravity: 1
  m_IsKinematic: 1
  m_Interpolate: 0
  m_Constraints: 0
  m_CollisionDetection: 0
--- !u!1 &45339683
GameObject:
  m_ObjectHideFlags: 0
  m_PrefabParentObject: {fileID: 0}
  m_PrefabInternal: {fileID: 0}
  serializedVersion: 4
  m_Component:
  - 224: {fileID: 45339684}
  - 222: {fileID: 45339686}
  - 114: {fileID: 45339685}
  m_Layer: 5
  m_Name: Win Text
  m_TagString: Untagged
  m_Icon: {fileID: 0}
  m_NavMeshLayer: 0
  m_StaticEditorFlags: 0
  m_IsActive: 1
--- !u!224 &45339684
RectTransform:
  m_ObjectHideFlags: 0
  m_PrefabParentObject: {fileID: 0}
  m_PrefabInternal: {fileID: 0}
  m_GameObject: {fileID: 45339683}
  m_LocalRotation: {x: 0, y: 0, z: 0, w: 1}
  m_LocalPosition: {x: 0, y: 0, z: 0}
  m_LocalScale: {x: 1, y: 1, z: 1}
  m_Children: []
  m_Father: {fileID: 132082839}
  m_RootOrder: 1
  m_AnchorMin: {x: .5, y: .75}
  m_AnchorMax: {x: .5, y: .75}
  m_AnchoredPosition: {x: 0, y: 0}
  m_SizeDelta: {x: 130, y: 30}
  m_Pivot: {x: .5, y: .5}
--- !u!114 &45339685
MonoBehaviour:
  m_ObjectHideFlags: 0
  m_PrefabParentObject: {fileID: 0}
  m_PrefabInternal: {fileID: 0}
  m_GameObject: {fileID: 45339683}
  m_Enabled: 1
  m_EditorHideFlags: 0
  m_Script: {fileID: 708705254, guid: f5f67c52d1564df4a8936ccd202a3bd8, type: 3}
  m_Name: 
  m_EditorClassIdentifier: 
  m_Material: {fileID: 0}
  m_Color: {r: 1, g: 1, b: 1, a: 1}
  m_FontData:
    m_Font: {fileID: 10102, guid: 0000000000000000e000000000000000, type: 0}
    m_FontSize: 48
    m_FontStyle: 0
    m_BestFit: 0
    m_MinSize: 10
    m_MaxSize: 40
    m_Alignment: 4
    m_RichText: 1
    m_HorizontalOverflow: 1
    m_VerticalOverflow: 1
    m_LineSpacing: 1
  m_Text: YOU WIN!
--- !u!222 &45339686
CanvasRenderer:
  m_ObjectHideFlags: 0
  m_PrefabParentObject: {fileID: 0}
  m_PrefabInternal: {fileID: 0}
  m_GameObject: {fileID: 45339683}
  m_HideIfInvisible: 0
--- !u!1 &74006692
GameObject:
  m_ObjectHideFlags: 0
  m_PrefabParentObject: {fileID: 0}
  m_PrefabInternal: {fileID: 0}
  serializedVersion: 4
  m_Component:
  - 4: {fileID: 74006693}
  m_Layer: 0
  m_Name: Walls
  m_TagString: Untagged
  m_Icon: {fileID: 0}
  m_NavMeshLayer: 0
  m_StaticEditorFlags: 0
  m_IsActive: 1
--- !u!4 &74006693
Transform:
  m_ObjectHideFlags: 0
  m_PrefabParentObject: {fileID: 0}
  m_PrefabInternal: {fileID: 0}
  m_GameObject: {fileID: 74006692}
  m_LocalRotation: {x: 0, y: 0, z: 0, w: 1}
  m_LocalPosition: {x: 0, y: 0, z: 0}
  m_LocalScale: {x: 1, y: 1, z: 1}
  m_Children:
  - {fileID: 2004577028}
  - {fileID: 1717400485}
  - {fileID: 1766749122}
  - {fileID: 284140716}
  m_Father: {fileID: 0}
  m_RootOrder: 4
--- !u!1 &132082836
GameObject:
  m_ObjectHideFlags: 0
  m_PrefabParentObject: {fileID: 0}
  m_PrefabInternal: {fileID: 0}
  serializedVersion: 4
  m_Component:
  - 224: {fileID: 132082839}
  - 223: {fileID: 132082838}
  - 114: {fileID: 132082837}
  m_Layer: 5
  m_Name: Canvas
  m_TagString: Untagged
  m_Icon: {fileID: 0}
  m_NavMeshLayer: 0
  m_StaticEditorFlags: 0
  m_IsActive: 1
--- !u!114 &132082837
MonoBehaviour:
  m_ObjectHideFlags: 0
  m_PrefabParentObject: {fileID: 0}
  m_PrefabInternal: {fileID: 0}
  m_GameObject: {fileID: 132082836}
  m_Enabled: 1
  m_EditorHideFlags: 0
  m_Script: {fileID: 1301386320, guid: f5f67c52d1564df4a8936ccd202a3bd8, type: 3}
  m_Name: 
  m_EditorClassIdentifier: 
  m_Priority: 3
  ignoreReversedGraphics: 1
  blockingObjects: 0
  m_BlockingMask:
    serializedVersion: 2
    m_Bits: 4294967295
--- !u!223 &132082838
Canvas:
  m_ObjectHideFlags: 0
  m_PrefabParentObject: {fileID: 0}
  m_PrefabInternal: {fileID: 0}
  m_GameObject: {fileID: 132082836}
  m_Enabled: 1
  serializedVersion: 2
  m_RenderMode: 0
  m_Camera: {fileID: 0}
  m_PlaneDistance: 100
  m_PixelPerfect: 0
  m_ReceivesEvents: 1
  m_OverrideSorting: 0
  m_SortingLayerID: 0
  m_SortingOrder: 0
--- !u!224 &132082839
RectTransform:
  m_ObjectHideFlags: 0
  m_PrefabParentObject: {fileID: 0}
  m_PrefabInternal: {fileID: 0}
  m_GameObject: {fileID: 132082836}
  m_LocalRotation: {x: 0, y: 0, z: 0, w: 1}
  m_LocalPosition: {x: 0, y: 0, z: 0}
  m_LocalScale: {x: 0, y: 0, z: 0}
  m_Children:
  - {fileID: 1076376956}
  - {fileID: 45339684}
  m_Father: {fileID: 0}
  m_RootOrder: 6
  m_AnchorMin: {x: 0, y: 0}
  m_AnchorMax: {x: 0, y: 0}
  m_AnchoredPosition: {x: 0, y: 0}
  m_SizeDelta: {x: 0, y: 0}
  m_Pivot: {x: 0, y: 0}
--- !u!1 &229347752
GameObject:
  m_ObjectHideFlags: 0
  m_PrefabParentObject: {fileID: 100000, guid: 4465826b37a62c64cb4ed8828711752f, type: 2}
  m_PrefabInternal: {fileID: 1351412956}
  serializedVersion: 4
  m_Component:
  - 4: {fileID: 229347757}
  - 33: {fileID: 229347756}
  - 65: {fileID: 229347755}
  - 23: {fileID: 229347754}
  - 114: {fileID: 229347753}
  - 54: {fileID: 229347758}
  m_Layer: 0
  m_Name: PickUp
  m_TagString: PickUp
  m_Icon: {fileID: 0}
  m_NavMeshLayer: 0
  m_StaticEditorFlags: 0
  m_IsActive: 1
--- !u!114 &229347753
MonoBehaviour:
  m_ObjectHideFlags: 0
  m_PrefabParentObject: {fileID: 11400000, guid: 4465826b37a62c64cb4ed8828711752f,
    type: 2}
  m_PrefabInternal: {fileID: 1351412956}
  m_GameObject: {fileID: 229347752}
  m_Enabled: 1
  m_EditorHideFlags: 0
  m_Script: {fileID: 11500000, guid: 6e60f938053500f47b9734ee7c6a0a27, type: 3}
  m_Name: 
  m_EditorClassIdentifier: 
  currency: {fileID: 400000, guid: 03dcb32a8da25844ca3efeb16d77633c, type: 2}
  powerup: {fileID: 400000, guid: bf16ab2fc93be014ba831e1bd9b35a55, type: 2}
--- !u!23 &229347754
Renderer:
  m_ObjectHideFlags: 0
  m_PrefabParentObject: {fileID: 2300000, guid: 4465826b37a62c64cb4ed8828711752f,
    type: 2}
  m_PrefabInternal: {fileID: 1351412956}
  m_GameObject: {fileID: 229347752}
  m_Enabled: 1
  m_CastShadows: 1
  m_ReceiveShadows: 1
  m_LightmapIndex: 255
  m_LightmapTilingOffset: {x: 1, y: 1, z: 0, w: 0}
  m_Materials:
  - {fileID: 10302, guid: 0000000000000000f000000000000000, type: 0}
  m_SubsetIndices: 
  m_StaticBatchRoot: {fileID: 0}
  m_UseLightProbes: 0
  m_LightProbeAnchor: {fileID: 0}
  m_ScaleInLightmap: 1
  m_SortingLayerID: 0
  m_SortingOrder: 0
--- !u!65 &229347755
BoxCollider:
  m_ObjectHideFlags: 0
  m_PrefabParentObject: {fileID: 6500000, guid: 4465826b37a62c64cb4ed8828711752f,
    type: 2}
  m_PrefabInternal: {fileID: 1351412956}
  m_GameObject: {fileID: 229347752}
  m_Material: {fileID: 0}
  m_IsTrigger: 1
  m_Enabled: 1
  serializedVersion: 2
  m_Size: {x: 1, y: 1, z: 1}
  m_Center: {x: 0, y: 0, z: 0}
--- !u!33 &229347756
MeshFilter:
  m_ObjectHideFlags: 0
  m_PrefabParentObject: {fileID: 3300000, guid: 4465826b37a62c64cb4ed8828711752f,
    type: 2}
  m_PrefabInternal: {fileID: 1351412956}
  m_GameObject: {fileID: 229347752}
  m_Mesh: {fileID: 10202, guid: 0000000000000000e000000000000000, type: 0}
--- !u!4 &229347757
Transform:
  m_ObjectHideFlags: 0
  m_PrefabParentObject: {fileID: 400000, guid: 4465826b37a62c64cb4ed8828711752f, type: 2}
  m_PrefabInternal: {fileID: 1351412956}
  m_GameObject: {fileID: 229347752}
  m_LocalRotation: {x: .461939812, y: .191341728, z: .191341728, w: .844623208}
  m_LocalPosition: {x: 0, y: .5, z: 4.55700016}
  m_LocalScale: {x: .5, y: .5, z: .49999994}
  m_Children: []
  m_Father: {fileID: 1493345241}
  m_RootOrder: 0
--- !u!54 &229347758
Rigidbody:
  m_ObjectHideFlags: 0
  m_PrefabParentObject: {fileID: 5400000, guid: 4465826b37a62c64cb4ed8828711752f,
    type: 2}
  m_PrefabInternal: {fileID: 1351412956}
  m_GameObject: {fileID: 229347752}
  serializedVersion: 2
  m_Mass: 1
  m_Drag: 0
  m_AngularDrag: .0500000007
  m_UseGravity: 1
  m_IsKinematic: 1
  m_Interpolate: 0
  m_Constraints: 0
  m_CollisionDetection: 0
--- !u!1 &262662928
GameObject:
  m_ObjectHideFlags: 0
  m_PrefabParentObject: {fileID: 0}
  m_PrefabInternal: {fileID: 0}
  serializedVersion: 4
  m_Component:
  - 4: {fileID: 262662933}
  - 33: {fileID: 262662932}
  - 135: {fileID: 262662931}
  - 23: {fileID: 262662930}
  - 114: {fileID: 262662929}
  m_Layer: 0
  m_Name: NightGroup
  m_TagString: Moon
  m_Icon: {fileID: 0}
  m_NavMeshLayer: 0
  m_StaticEditorFlags: 0
  m_IsActive: 1
--- !u!114 &262662929
MonoBehaviour:
  m_ObjectHideFlags: 0
  m_PrefabParentObject: {fileID: 0}
  m_PrefabInternal: {fileID: 0}
  m_GameObject: {fileID: 262662928}
  m_Enabled: 1
  m_EditorHideFlags: 0
  m_Script: {fileID: 11500000, guid: 146511f8eee68d24eb3f9e819b2b9937, type: 3}
  m_Name: 
  m_EditorClassIdentifier: 
  yValueForDay: 5
  yValueForNight: -5
  changeSpeed: 32
  isDayGroup: 0
--- !u!23 &262662930
Renderer:
  m_ObjectHideFlags: 0
  m_PrefabParentObject: {fileID: 0}
  m_PrefabInternal: {fileID: 0}
  m_GameObject: {fileID: 262662928}
  m_Enabled: 1
  m_CastShadows: 1
  m_ReceiveShadows: 1
  m_LightmapIndex: 255
  m_LightmapTilingOffset: {x: 1, y: 1, z: 0, w: 0}
  m_Materials:
  - {fileID: 2100000, guid: 7becddc6cc3d3ab4d9e8a34f528b46af, type: 2}
  m_SubsetIndices: 
  m_StaticBatchRoot: {fileID: 0}
  m_UseLightProbes: 0
  m_LightProbeAnchor: {fileID: 0}
  m_ScaleInLightmap: 1
  m_SortingLayerID: 0
  m_SortingOrder: 0
--- !u!135 &262662931
SphereCollider:
  m_ObjectHideFlags: 0
  m_PrefabParentObject: {fileID: 0}
  m_PrefabInternal: {fileID: 0}
  m_GameObject: {fileID: 262662928}
  m_Material: {fileID: 0}
  m_IsTrigger: 0
  m_Enabled: 1
  serializedVersion: 2
  m_Radius: .5
  m_Center: {x: 0, y: 0, z: 0}
--- !u!33 &262662932
MeshFilter:
  m_ObjectHideFlags: 0
  m_PrefabParentObject: {fileID: 0}
  m_PrefabInternal: {fileID: 0}
  m_GameObject: {fileID: 262662928}
  m_Mesh: {fileID: 10207, guid: 0000000000000000e000000000000000, type: 0}
--- !u!4 &262662933
Transform:
  m_ObjectHideFlags: 0
  m_PrefabParentObject: {fileID: 0}
  m_PrefabInternal: {fileID: 0}
  m_GameObject: {fileID: 262662928}
  m_LocalRotation: {x: 0, y: 0, z: 0, w: 1}
  m_LocalPosition: {x: 12, y: -5, z: 2}
  m_LocalScale: {x: 1, y: 1, z: 1}
  m_Children: []
  m_Father: {fileID: 0}
  m_RootOrder: 8
--- !u!1 &284140712
GameObject:
  m_ObjectHideFlags: 0
  m_PrefabParentObject: {fileID: 0}
  m_PrefabInternal: {fileID: 0}
  serializedVersion: 4
  m_Component:
  - 4: {fileID: 284140716}
  - 33: {fileID: 284140715}
  - 65: {fileID: 284140714}
  - 23: {fileID: 284140713}
  m_Layer: 0
  m_Name: South Wall
  m_TagString: Untagged
  m_Icon: {fileID: 0}
  m_NavMeshLayer: 0
  m_StaticEditorFlags: 0
  m_IsActive: 1
--- !u!23 &284140713
Renderer:
  m_ObjectHideFlags: 0
  m_PrefabParentObject: {fileID: 0}
  m_PrefabInternal: {fileID: 0}
  m_GameObject: {fileID: 284140712}
  m_Enabled: 1
  m_CastShadows: 1
  m_ReceiveShadows: 1
  m_LightmapIndex: 255
  m_LightmapTilingOffset: {x: 1, y: 1, z: 0, w: 0}
  m_Materials:
  - {fileID: 10302, guid: 0000000000000000f000000000000000, type: 0}
  m_SubsetIndices: 
  m_StaticBatchRoot: {fileID: 0}
  m_UseLightProbes: 0
  m_LightProbeAnchor: {fileID: 0}
  m_ScaleInLightmap: 1
  m_SortingLayerID: 0
  m_SortingOrder: 0
--- !u!65 &284140714
BoxCollider:
  m_ObjectHideFlags: 0
  m_PrefabParentObject: {fileID: 0}
  m_PrefabInternal: {fileID: 0}
  m_GameObject: {fileID: 284140712}
  m_Material: {fileID: 0}
  m_IsTrigger: 0
  m_Enabled: 1
  serializedVersion: 2
  m_Size: {x: 1, y: 1, z: 1}
  m_Center: {x: 0, y: 0, z: 0}
--- !u!33 &284140715
MeshFilter:
  m_ObjectHideFlags: 0
  m_PrefabParentObject: {fileID: 0}
  m_PrefabInternal: {fileID: 0}
  m_GameObject: {fileID: 284140712}
  m_Mesh: {fileID: 10202, guid: 0000000000000000e000000000000000, type: 0}
--- !u!4 &284140716
Transform:
  m_ObjectHideFlags: 0
  m_PrefabParentObject: {fileID: 0}
  m_PrefabInternal: {fileID: 0}
  m_GameObject: {fileID: 284140712}
  m_LocalRotation: {x: 0, y: 0, z: 0, w: 1}
  m_LocalPosition: {x: 0, y: 0, z: -10}
  m_LocalScale: {x: 19.5, y: 2, z: .5}
  m_Children: []
  m_Father: {fileID: 74006693}
  m_RootOrder: 3
--- !u!1 &322758357
GameObject:
  m_ObjectHideFlags: 0
  m_PrefabParentObject: {fileID: 100000, guid: 4465826b37a62c64cb4ed8828711752f, type: 2}
  m_PrefabInternal: {fileID: 1729127032}
  serializedVersion: 4
  m_Component:
  - 4: {fileID: 322758358}
  - 33: {fileID: 322758362}
  - 65: {fileID: 322758361}
  - 23: {fileID: 322758360}
  - 114: {fileID: 322758359}
  - 54: {fileID: 322758363}
  m_Layer: 0
  m_Name: PickUp
  m_TagString: PickUp
  m_Icon: {fileID: 0}
  m_NavMeshLayer: 0
  m_StaticEditorFlags: 0
  m_IsActive: 1
--- !u!4 &322758358
Transform:
  m_ObjectHideFlags: 0
  m_PrefabParentObject: {fileID: 400000, guid: 4465826b37a62c64cb4ed8828711752f, type: 2}
  m_PrefabInternal: {fileID: 1729127032}
  m_GameObject: {fileID: 322758357}
  m_LocalRotation: {x: .461939991, y: .191341996, z: .191341996, w: .844623029}
  m_LocalPosition: {x: 3.9612999, y: .5, z: -2.0553}
  m_LocalScale: {x: .5, y: .49999997, z: .5}
  m_Children: []
  m_Father: {fileID: 1493345241}
  m_RootOrder: 4
--- !u!114 &322758359
MonoBehaviour:
  m_ObjectHideFlags: 0
  m_PrefabParentObject: {fileID: 11400000, guid: 4465826b37a62c64cb4ed8828711752f,
    type: 2}
  m_PrefabInternal: {fileID: 1729127032}
  m_GameObject: {fileID: 322758357}
  m_Enabled: 1
  m_EditorHideFlags: 0
  m_Script: {fileID: 11500000, guid: 6e60f938053500f47b9734ee7c6a0a27, type: 3}
  m_Name: 
  m_EditorClassIdentifier: 
  currency: {fileID: 400000, guid: 03dcb32a8da25844ca3efeb16d77633c, type: 2}
  powerup: {fileID: 400000, guid: bf16ab2fc93be014ba831e1bd9b35a55, type: 2}
--- !u!23 &322758360
Renderer:
  m_ObjectHideFlags: 0
  m_PrefabParentObject: {fileID: 2300000, guid: 4465826b37a62c64cb4ed8828711752f,
    type: 2}
  m_PrefabInternal: {fileID: 1729127032}
  m_GameObject: {fileID: 322758357}
  m_Enabled: 1
  m_CastShadows: 1
  m_ReceiveShadows: 1
  m_LightmapIndex: 255
  m_LightmapTilingOffset: {x: 1, y: 1, z: 0, w: 0}
  m_Materials:
  - {fileID: 10302, guid: 0000000000000000f000000000000000, type: 0}
  m_SubsetIndices: 
  m_StaticBatchRoot: {fileID: 0}
  m_UseLightProbes: 0
  m_LightProbeAnchor: {fileID: 0}
  m_ScaleInLightmap: 1
  m_SortingLayerID: 0
  m_SortingOrder: 0
--- !u!65 &322758361
BoxCollider:
  m_ObjectHideFlags: 0
  m_PrefabParentObject: {fileID: 6500000, guid: 4465826b37a62c64cb4ed8828711752f,
    type: 2}
  m_PrefabInternal: {fileID: 1729127032}
  m_GameObject: {fileID: 322758357}
  m_Material: {fileID: 0}
  m_IsTrigger: 1
  m_Enabled: 1
  serializedVersion: 2
  m_Size: {x: 1, y: 1, z: 1}
  m_Center: {x: 0, y: 0, z: 0}
--- !u!33 &322758362
MeshFilter:
  m_ObjectHideFlags: 0
  m_PrefabParentObject: {fileID: 3300000, guid: 4465826b37a62c64cb4ed8828711752f,
    type: 2}
  m_PrefabInternal: {fileID: 1729127032}
  m_GameObject: {fileID: 322758357}
  m_Mesh: {fileID: 10202, guid: 0000000000000000e000000000000000, type: 0}
--- !u!54 &322758363
Rigidbody:
  m_ObjectHideFlags: 0
  m_PrefabParentObject: {fileID: 5400000, guid: 4465826b37a62c64cb4ed8828711752f,
    type: 2}
  m_PrefabInternal: {fileID: 1729127032}
  m_GameObject: {fileID: 322758357}
  serializedVersion: 2
  m_Mass: 1
  m_Drag: 0
  m_AngularDrag: .0500000007
  m_UseGravity: 1
  m_IsKinematic: 1
  m_Interpolate: 0
  m_Constraints: 0
  m_CollisionDetection: 0
--- !u!1 &323105925
GameObject:
  m_ObjectHideFlags: 0
  m_PrefabParentObject: {fileID: 0}
  m_PrefabInternal: {fileID: 0}
  serializedVersion: 4
  m_Component:
  - 4: {fileID: 323105929}
  - 33: {fileID: 323105928}
  - 64: {fileID: 323105927}
  - 23: {fileID: 323105926}
  m_Layer: 0
  m_Name: Ground
  m_TagString: Untagged
  m_Icon: {fileID: 0}
  m_NavMeshLayer: 0
  m_StaticEditorFlags: 0
  m_IsActive: 1
--- !u!23 &323105926
Renderer:
  m_ObjectHideFlags: 0
  m_PrefabParentObject: {fileID: 0}
  m_PrefabInternal: {fileID: 0}
  m_GameObject: {fileID: 323105925}
  m_Enabled: 1
  m_CastShadows: 1
  m_ReceiveShadows: 1
  m_LightmapIndex: 255
  m_LightmapTilingOffset: {x: 1, y: 1, z: 0, w: 0}
  m_Materials:
  - {fileID: 10302, guid: 0000000000000000f000000000000000, type: 0}
  m_SubsetIndices: 
  m_StaticBatchRoot: {fileID: 0}
  m_UseLightProbes: 0
  m_LightProbeAnchor: {fileID: 0}
  m_ScaleInLightmap: 1
  m_SortingLayerID: 0
  m_SortingOrder: 0
--- !u!64 &323105927
MeshCollider:
  m_ObjectHideFlags: 0
  m_PrefabParentObject: {fileID: 0}
  m_PrefabInternal: {fileID: 0}
  m_GameObject: {fileID: 323105925}
  m_Material: {fileID: 0}
  m_IsTrigger: 0
  m_Enabled: 1
  serializedVersion: 2
  m_SmoothSphereCollisions: 0
  m_Convex: 0
  m_Mesh: {fileID: 10209, guid: 0000000000000000e000000000000000, type: 0}
--- !u!33 &323105928
MeshFilter:
  m_ObjectHideFlags: 0
  m_PrefabParentObject: {fileID: 0}
  m_PrefabInternal: {fileID: 0}
  m_GameObject: {fileID: 323105925}
  m_Mesh: {fileID: 10209, guid: 0000000000000000e000000000000000, type: 0}
--- !u!4 &323105929
Transform:
  m_ObjectHideFlags: 0
  m_PrefabParentObject: {fileID: 0}
  m_PrefabInternal: {fileID: 0}
  m_GameObject: {fileID: 323105925}
  m_LocalRotation: {x: 0, y: 0, z: 0, w: 1}
  m_LocalPosition: {x: 0, y: 0, z: 0}
  m_LocalScale: {x: 2, y: 1, z: 2}
  m_Children: []
  m_Father: {fileID: 0}
  m_RootOrder: 1
--- !u!1001 &330982791
Prefab:
  m_ObjectHideFlags: 0
  serializedVersion: 2
  m_Modification:
    m_TransformParent: {fileID: 1493345241}
    m_Modifications:
    - target: {fileID: 400000, guid: 4465826b37a62c64cb4ed8828711752f, type: 2}
      propertyPath: m_LocalPosition.x
      value: 2.23390007
      objectReference: {fileID: 0}
    - target: {fileID: 400000, guid: 4465826b37a62c64cb4ed8828711752f, type: 2}
      propertyPath: m_LocalPosition.y
      value: .5
      objectReference: {fileID: 0}
    - target: {fileID: 400000, guid: 4465826b37a62c64cb4ed8828711752f, type: 2}
      propertyPath: m_LocalPosition.z
      value: 3.93149996
      objectReference: {fileID: 0}
    - target: {fileID: 400000, guid: 4465826b37a62c64cb4ed8828711752f, type: 2}
      propertyPath: m_LocalRotation.x
      value: .461939991
      objectReference: {fileID: 0}
    - target: {fileID: 400000, guid: 4465826b37a62c64cb4ed8828711752f, type: 2}
      propertyPath: m_LocalRotation.y
      value: .191341996
      objectReference: {fileID: 0}
    - target: {fileID: 400000, guid: 4465826b37a62c64cb4ed8828711752f, type: 2}
      propertyPath: m_LocalRotation.z
      value: .191341996
      objectReference: {fileID: 0}
    - target: {fileID: 400000, guid: 4465826b37a62c64cb4ed8828711752f, type: 2}
      propertyPath: m_LocalRotation.w
      value: .844623029
      objectReference: {fileID: 0}
    - target: {fileID: 400000, guid: 4465826b37a62c64cb4ed8828711752f, type: 2}
      propertyPath: m_RootOrder
      value: 1
      objectReference: {fileID: 0}
    - target: {fileID: 400000, guid: 4465826b37a62c64cb4ed8828711752f, type: 2}
      propertyPath: m_LocalScale.z
      value: .5
      objectReference: {fileID: 0}
    - target: {fileID: 400000, guid: 4465826b37a62c64cb4ed8828711752f, type: 2}
      propertyPath: m_LocalScale.y
      value: .49999997
      objectReference: {fileID: 0}
    m_RemovedComponents: []
  m_ParentPrefab: {fileID: 100100000, guid: 4465826b37a62c64cb4ed8828711752f, type: 2}
  m_RootGameObject: {fileID: 1705974700}
  m_IsPrefabParent: 0
  m_IsExploded: 1
--- !u!1001 &385406997
Prefab:
  m_ObjectHideFlags: 0
  serializedVersion: 2
  m_Modification:
    m_TransformParent: {fileID: 1493345241}
    m_Modifications:
    - target: {fileID: 400000, guid: 4465826b37a62c64cb4ed8828711752f, type: 2}
      propertyPath: m_LocalPosition.x
      value: -2.44230008
      objectReference: {fileID: 0}
    - target: {fileID: 400000, guid: 4465826b37a62c64cb4ed8828711752f, type: 2}
      propertyPath: m_LocalPosition.y
      value: .5
      objectReference: {fileID: 0}
    - target: {fileID: 400000, guid: 4465826b37a62c64cb4ed8828711752f, type: 2}
      propertyPath: m_LocalPosition.z
      value: -3.90190005
      objectReference: {fileID: 0}
    - target: {fileID: 400000, guid: 4465826b37a62c64cb4ed8828711752f, type: 2}
      propertyPath: m_LocalRotation.x
      value: .461939991
      objectReference: {fileID: 0}
    - target: {fileID: 400000, guid: 4465826b37a62c64cb4ed8828711752f, type: 2}
      propertyPath: m_LocalRotation.y
      value: .191341996
      objectReference: {fileID: 0}
    - target: {fileID: 400000, guid: 4465826b37a62c64cb4ed8828711752f, type: 2}
      propertyPath: m_LocalRotation.z
      value: .191341996
      objectReference: {fileID: 0}
    - target: {fileID: 400000, guid: 4465826b37a62c64cb4ed8828711752f, type: 2}
      propertyPath: m_LocalRotation.w
      value: .844623029
      objectReference: {fileID: 0}
    - target: {fileID: 400000, guid: 4465826b37a62c64cb4ed8828711752f, type: 2}
      propertyPath: m_RootOrder
      value: 7
      objectReference: {fileID: 0}
    - target: {fileID: 400000, guid: 4465826b37a62c64cb4ed8828711752f, type: 2}
      propertyPath: m_LocalScale.z
      value: .5
      objectReference: {fileID: 0}
    - target: {fileID: 400000, guid: 4465826b37a62c64cb4ed8828711752f, type: 2}
      propertyPath: m_LocalScale.y
      value: .49999997
      objectReference: {fileID: 0}
    m_RemovedComponents: []
  m_ParentPrefab: {fileID: 100100000, guid: 4465826b37a62c64cb4ed8828711752f, type: 2}
  m_RootGameObject: {fileID: 1362650785}
  m_IsPrefabParent: 0
  m_IsExploded: 1
--- !u!1 &446213191
GameObject:
  m_ObjectHideFlags: 0
  m_PrefabParentObject: {fileID: 0}
  m_PrefabInternal: {fileID: 0}
  serializedVersion: 4
  m_Component:
  - 4: {fileID: 446213195}
  - 114: {fileID: 446213194}
  - 114: {fileID: 446213193}
  - 114: {fileID: 446213192}
  m_Layer: 0
  m_Name: EventSystem
  m_TagString: Untagged
  m_Icon: {fileID: 0}
  m_NavMeshLayer: 0
  m_StaticEditorFlags: 0
  m_IsActive: 1
--- !u!114 &446213192
MonoBehaviour:
  m_ObjectHideFlags: 0
  m_PrefabParentObject: {fileID: 0}
  m_PrefabInternal: {fileID: 0}
  m_GameObject: {fileID: 446213191}
  m_Enabled: 1
  m_EditorHideFlags: 0
  m_Script: {fileID: 1997211142, guid: f5f67c52d1564df4a8936ccd202a3bd8, type: 3}
  m_Name: 
  m_EditorClassIdentifier: 
  m_AllowActivationOnStandalone: 0
--- !u!114 &446213193
MonoBehaviour:
  m_ObjectHideFlags: 0
  m_PrefabParentObject: {fileID: 0}
  m_PrefabInternal: {fileID: 0}
  m_GameObject: {fileID: 446213191}
  m_Enabled: 1
  m_EditorHideFlags: 0
  m_Script: {fileID: 1077351063, guid: f5f67c52d1564df4a8936ccd202a3bd8, type: 3}
  m_Name: 
  m_EditorClassIdentifier: 
  m_HorizontalAxis: Horizontal
  m_VerticalAxis: Vertical
  m_SubmitButton: Submit
  m_CancelButton: Cancel
  m_InputActionsPerSecond: 10
  m_AllowActivationOnMobileDevice: 0
--- !u!114 &446213194
MonoBehaviour:
  m_ObjectHideFlags: 0
  m_PrefabParentObject: {fileID: 0}
  m_PrefabInternal: {fileID: 0}
  m_GameObject: {fileID: 446213191}
  m_Enabled: 1
  m_EditorHideFlags: 0
  m_Script: {fileID: -619905303, guid: f5f67c52d1564df4a8936ccd202a3bd8, type: 3}
  m_Name: 
  m_EditorClassIdentifier: 
  m_FirstSelected: {fileID: 0}
  m_sendNavigationEvents: 1
--- !u!4 &446213195
Transform:
  m_ObjectHideFlags: 0
  m_PrefabParentObject: {fileID: 0}
  m_PrefabInternal: {fileID: 0}
  m_GameObject: {fileID: 446213191}
  m_LocalRotation: {x: 0, y: 0, z: 0, w: 1}
  m_LocalPosition: {x: 0, y: 0, z: 0}
  m_LocalScale: {x: 1, y: 1, z: 1}
  m_Children: []
  m_Father: {fileID: 0}
  m_RootOrder: 7
--- !u!1 &625358877
GameObject:
  m_ObjectHideFlags: 0
  m_PrefabParentObject: {fileID: 100000, guid: 4465826b37a62c64cb4ed8828711752f, type: 2}
  m_PrefabInternal: {fileID: 1063128889}
  serializedVersion: 4
  m_Component:
  - 4: {fileID: 625358878}
  - 33: {fileID: 625358882}
  - 65: {fileID: 625358881}
  - 23: {fileID: 625358880}
  - 114: {fileID: 625358879}
  - 54: {fileID: 625358883}
  m_Layer: 0
  m_Name: PickUp
  m_TagString: PickUp
  m_Icon: {fileID: 0}
  m_NavMeshLayer: 0
  m_StaticEditorFlags: 0
  m_IsActive: 1
--- !u!4 &625358878
Transform:
  m_ObjectHideFlags: 0
  m_PrefabParentObject: {fileID: 400000, guid: 4465826b37a62c64cb4ed8828711752f, type: 2}
  m_PrefabInternal: {fileID: 1063128889}
  m_GameObject: {fileID: 625358877}
  m_LocalRotation: {x: .461939991, y: .191341996, z: .191341996, w: .844623029}
  m_LocalPosition: {x: -4.5868001, y: .5, z: -.0299529992}
  m_LocalScale: {x: .5, y: .49999997, z: .5}
  m_Children: []
  m_Father: {fileID: 1493345241}
  m_RootOrder: 9
--- !u!114 &625358879
MonoBehaviour:
  m_ObjectHideFlags: 0
  m_PrefabParentObject: {fileID: 11400000, guid: 4465826b37a62c64cb4ed8828711752f,
    type: 2}
  m_PrefabInternal: {fileID: 1063128889}
  m_GameObject: {fileID: 625358877}
  m_Enabled: 1
  m_EditorHideFlags: 0
  m_Script: {fileID: 11500000, guid: 6e60f938053500f47b9734ee7c6a0a27, type: 3}
  m_Name: 
  m_EditorClassIdentifier: 
  currency: {fileID: 400000, guid: 03dcb32a8da25844ca3efeb16d77633c, type: 2}
  powerup: {fileID: 400000, guid: bf16ab2fc93be014ba831e1bd9b35a55, type: 2}
--- !u!23 &625358880
Renderer:
  m_ObjectHideFlags: 0
  m_PrefabParentObject: {fileID: 2300000, guid: 4465826b37a62c64cb4ed8828711752f,
    type: 2}
  m_PrefabInternal: {fileID: 1063128889}
  m_GameObject: {fileID: 625358877}
  m_Enabled: 1
  m_CastShadows: 1
  m_ReceiveShadows: 1
  m_LightmapIndex: 255
  m_LightmapTilingOffset: {x: 1, y: 1, z: 0, w: 0}
  m_Materials:
  - {fileID: 10302, guid: 0000000000000000f000000000000000, type: 0}
  m_SubsetIndices: 
  m_StaticBatchRoot: {fileID: 0}
  m_UseLightProbes: 0
  m_LightProbeAnchor: {fileID: 0}
  m_ScaleInLightmap: 1
  m_SortingLayerID: 0
  m_SortingOrder: 0
--- !u!65 &625358881
BoxCollider:
  m_ObjectHideFlags: 0
  m_PrefabParentObject: {fileID: 6500000, guid: 4465826b37a62c64cb4ed8828711752f,
    type: 2}
  m_PrefabInternal: {fileID: 1063128889}
  m_GameObject: {fileID: 625358877}
  m_Material: {fileID: 0}
  m_IsTrigger: 1
  m_Enabled: 1
  serializedVersion: 2
  m_Size: {x: 1, y: 1, z: 1}
  m_Center: {x: 0, y: 0, z: 0}
--- !u!33 &625358882
MeshFilter:
  m_ObjectHideFlags: 0
  m_PrefabParentObject: {fileID: 3300000, guid: 4465826b37a62c64cb4ed8828711752f,
    type: 2}
  m_PrefabInternal: {fileID: 1063128889}
  m_GameObject: {fileID: 625358877}
  m_Mesh: {fileID: 10202, guid: 0000000000000000e000000000000000, type: 0}
--- !u!54 &625358883
Rigidbody:
  m_ObjectHideFlags: 0
  m_PrefabParentObject: {fileID: 5400000, guid: 4465826b37a62c64cb4ed8828711752f,
    type: 2}
  m_PrefabInternal: {fileID: 1063128889}
  m_GameObject: {fileID: 625358877}
  serializedVersion: 2
  m_Mass: 1
  m_Drag: 0
  m_AngularDrag: .0500000007
  m_UseGravity: 1
  m_IsKinematic: 1
  m_Interpolate: 0
  m_Constraints: 0
  m_CollisionDetection: 0
--- !u!1001 &678991753
Prefab:
  m_ObjectHideFlags: 0
  serializedVersion: 2
  m_Modification:
    m_TransformParent: {fileID: 1493345241}
    m_Modifications:
    - target: {fileID: 400000, guid: 4465826b37a62c64cb4ed8828711752f, type: 2}
      propertyPath: m_LocalPosition.x
      value: 2.41260004
      objectReference: {fileID: 0}
    - target: {fileID: 400000, guid: 4465826b37a62c64cb4ed8828711752f, type: 2}
      propertyPath: m_LocalPosition.y
      value: .5
      objectReference: {fileID: 0}
    - target: {fileID: 400000, guid: 4465826b37a62c64cb4ed8828711752f, type: 2}
      propertyPath: m_LocalPosition.z
      value: -3.90190005
      objectReference: {fileID: 0}
    - target: {fileID: 400000, guid: 4465826b37a62c64cb4ed8828711752f, type: 2}
      propertyPath: m_LocalRotation.x
      value: .461939991
      objectReference: {fileID: 0}
    - target: {fileID: 400000, guid: 4465826b37a62c64cb4ed8828711752f, type: 2}
      propertyPath: m_LocalRotation.y
      value: .191341996
      objectReference: {fileID: 0}
    - target: {fileID: 400000, guid: 4465826b37a62c64cb4ed8828711752f, type: 2}
      propertyPath: m_LocalRotation.z
      value: .191341996
      objectReference: {fileID: 0}
    - target: {fileID: 400000, guid: 4465826b37a62c64cb4ed8828711752f, type: 2}
      propertyPath: m_LocalRotation.w
      value: .844623029
      objectReference: {fileID: 0}
    - target: {fileID: 400000, guid: 4465826b37a62c64cb4ed8828711752f, type: 2}
      propertyPath: m_RootOrder
      value: 5
      objectReference: {fileID: 0}
    - target: {fileID: 400000, guid: 4465826b37a62c64cb4ed8828711752f, type: 2}
      propertyPath: m_LocalScale.z
      value: .5
      objectReference: {fileID: 0}
    - target: {fileID: 400000, guid: 4465826b37a62c64cb4ed8828711752f, type: 2}
      propertyPath: m_LocalScale.y
      value: .49999997
      objectReference: {fileID: 0}
    m_RemovedComponents: []
  m_ParentPrefab: {fileID: 100100000, guid: 4465826b37a62c64cb4ed8828711752f, type: 2}
  m_RootGameObject: {fileID: 875565690}
  m_IsPrefabParent: 0
  m_IsExploded: 1
--- !u!1001 &725382096
Prefab:
  m_ObjectHideFlags: 0
  serializedVersion: 2
  m_Modification:
    m_TransformParent: {fileID: 1493345241}
    m_Modifications:
    - target: {fileID: 400000, guid: 4465826b37a62c64cb4ed8828711752f, type: 2}
      propertyPath: m_LocalPosition.x
      value: 5.41209993e-05
      objectReference: {fileID: 0}
    - target: {fileID: 400000, guid: 4465826b37a62c64cb4ed8828711752f, type: 2}
      propertyPath: m_LocalPosition.y
      value: .5
      objectReference: {fileID: 0}
    - target: {fileID: 400000, guid: 4465826b37a62c64cb4ed8828711752f, type: 2}
      propertyPath: m_LocalPosition.z
      value: -4.52740002
      objectReference: {fileID: 0}
    - target: {fileID: 400000, guid: 4465826b37a62c64cb4ed8828711752f, type: 2}
      propertyPath: m_LocalRotation.x
      value: .461939991
      objectReference: {fileID: 0}
    - target: {fileID: 400000, guid: 4465826b37a62c64cb4ed8828711752f, type: 2}
      propertyPath: m_LocalRotation.y
      value: .191341996
      objectReference: {fileID: 0}
    - target: {fileID: 400000, guid: 4465826b37a62c64cb4ed8828711752f, type: 2}
      propertyPath: m_LocalRotation.z
      value: .191341996
      objectReference: {fileID: 0}
    - target: {fileID: 400000, guid: 4465826b37a62c64cb4ed8828711752f, type: 2}
      propertyPath: m_LocalRotation.w
      value: .844623029
      objectReference: {fileID: 0}
    - target: {fileID: 400000, guid: 4465826b37a62c64cb4ed8828711752f, type: 2}
      propertyPath: m_RootOrder
      value: 6
      objectReference: {fileID: 0}
    - target: {fileID: 400000, guid: 4465826b37a62c64cb4ed8828711752f, type: 2}
      propertyPath: m_LocalScale.z
      value: .5
      objectReference: {fileID: 0}
    - target: {fileID: 400000, guid: 4465826b37a62c64cb4ed8828711752f, type: 2}
      propertyPath: m_LocalScale.y
      value: .49999997
      objectReference: {fileID: 0}
    - target: {fileID: 6500000, guid: 4465826b37a62c64cb4ed8828711752f, type: 2}
      propertyPath: m_IsTrigger
      value: 1
      objectReference: {fileID: 0}
    - target: {fileID: 5400000, guid: 4465826b37a62c64cb4ed8828711752f, type: 2}
      propertyPath: m_IsKinematic
      value: 1
      objectReference: {fileID: 0}
    m_RemovedComponents: []
  m_ParentPrefab: {fileID: 100100000, guid: 4465826b37a62c64cb4ed8828711752f, type: 2}
  m_RootGameObject: {fileID: 1830009622}
  m_IsPrefabParent: 0
  m_IsExploded: 1
--- !u!1 &759524718
GameObject:
  m_ObjectHideFlags: 0
  m_PrefabParentObject: {fileID: 100000, guid: 4465826b37a62c64cb4ed8828711752f, type: 2}
  m_PrefabInternal: {fileID: 1022879256}
  serializedVersion: 4
  m_Component:
  - 4: {fileID: 759524719}
  - 33: {fileID: 759524723}
  - 65: {fileID: 759524722}
  - 23: {fileID: 759524721}
  - 114: {fileID: 759524720}
  - 54: {fileID: 759524724}
  m_Layer: 0
  m_Name: PickUp
  m_TagString: PickUp
  m_Icon: {fileID: 0}
  m_NavMeshLayer: 0
  m_StaticEditorFlags: 0
  m_IsActive: 1
--- !u!4 &759524719
Transform:
  m_ObjectHideFlags: 0
  m_PrefabParentObject: {fileID: 400000, guid: 4465826b37a62c64cb4ed8828711752f, type: 2}
  m_PrefabInternal: {fileID: 1022879256}
  m_GameObject: {fileID: 759524718}
  m_LocalRotation: {x: .461939991, y: .191341996, z: .191341996, w: .844623029}
  m_LocalPosition: {x: -4.22940016, y: .5, z: 2.32299995}
  m_LocalScale: {x: .5, y: .5, z: .49999994}
  m_Children: []
  m_Father: {fileID: 1493345241}
  m_RootOrder: 10
--- !u!114 &759524720
MonoBehaviour:
  m_ObjectHideFlags: 0
  m_PrefabParentObject: {fileID: 11400000, guid: 4465826b37a62c64cb4ed8828711752f,
    type: 2}
  m_PrefabInternal: {fileID: 1022879256}
  m_GameObject: {fileID: 759524718}
  m_Enabled: 1
  m_EditorHideFlags: 0
  m_Script: {fileID: 11500000, guid: 6e60f938053500f47b9734ee7c6a0a27, type: 3}
  m_Name: 
  m_EditorClassIdentifier: 
  currency: {fileID: 400000, guid: 03dcb32a8da25844ca3efeb16d77633c, type: 2}
  powerup: {fileID: 400000, guid: bf16ab2fc93be014ba831e1bd9b35a55, type: 2}
--- !u!23 &759524721
Renderer:
  m_ObjectHideFlags: 0
  m_PrefabParentObject: {fileID: 2300000, guid: 4465826b37a62c64cb4ed8828711752f,
    type: 2}
  m_PrefabInternal: {fileID: 1022879256}
  m_GameObject: {fileID: 759524718}
  m_Enabled: 1
  m_CastShadows: 1
  m_ReceiveShadows: 1
  m_LightmapIndex: 255
  m_LightmapTilingOffset: {x: 1, y: 1, z: 0, w: 0}
  m_Materials:
  - {fileID: 10302, guid: 0000000000000000f000000000000000, type: 0}
  m_SubsetIndices: 
  m_StaticBatchRoot: {fileID: 0}
  m_UseLightProbes: 0
  m_LightProbeAnchor: {fileID: 0}
  m_ScaleInLightmap: 1
  m_SortingLayerID: 0
  m_SortingOrder: 0
--- !u!65 &759524722
BoxCollider:
  m_ObjectHideFlags: 0
  m_PrefabParentObject: {fileID: 6500000, guid: 4465826b37a62c64cb4ed8828711752f,
    type: 2}
  m_PrefabInternal: {fileID: 1022879256}
  m_GameObject: {fileID: 759524718}
  m_Material: {fileID: 0}
  m_IsTrigger: 1
  m_Enabled: 1
  serializedVersion: 2
  m_Size: {x: 1, y: 1, z: 1}
  m_Center: {x: 0, y: 0, z: 0}
--- !u!33 &759524723
MeshFilter:
  m_ObjectHideFlags: 0
  m_PrefabParentObject: {fileID: 3300000, guid: 4465826b37a62c64cb4ed8828711752f,
    type: 2}
  m_PrefabInternal: {fileID: 1022879256}
  m_GameObject: {fileID: 759524718}
  m_Mesh: {fileID: 10202, guid: 0000000000000000e000000000000000, type: 0}
--- !u!54 &759524724
Rigidbody:
  m_ObjectHideFlags: 0
  m_PrefabParentObject: {fileID: 5400000, guid: 4465826b37a62c64cb4ed8828711752f,
    type: 2}
  m_PrefabInternal: {fileID: 1022879256}
  m_GameObject: {fileID: 759524718}
  serializedVersion: 2
  m_Mass: 1
  m_Drag: 0
  m_AngularDrag: .0500000007
  m_UseGravity: 1
  m_IsKinematic: 1
  m_Interpolate: 0
  m_Constraints: 0
  m_CollisionDetection: 0
--- !u!1 &865689582
GameObject:
  m_ObjectHideFlags: 0
  m_PrefabParentObject: {fileID: 0}
  m_PrefabInternal: {fileID: 0}
  serializedVersion: 4
  m_Component:
  - 4: {fileID: 865689587}
  - 20: {fileID: 865689586}
  - 92: {fileID: 865689585}
  - 124: {fileID: 865689584}
  - 81: {fileID: 865689583}
  - 114: {fileID: 865689588}
  m_Layer: 0
  m_Name: Main Camera
  m_TagString: MainCamera
  m_Icon: {fileID: 0}
  m_NavMeshLayer: 0
  m_StaticEditorFlags: 0
  m_IsActive: 1
--- !u!81 &865689583
AudioListener:
  m_ObjectHideFlags: 0
  m_PrefabParentObject: {fileID: 0}
  m_PrefabInternal: {fileID: 0}
  m_GameObject: {fileID: 865689582}
  m_Enabled: 1
--- !u!124 &865689584
Behaviour:
  m_ObjectHideFlags: 0
  m_PrefabParentObject: {fileID: 0}
  m_PrefabInternal: {fileID: 0}
  m_GameObject: {fileID: 865689582}
  m_Enabled: 1
--- !u!92 &865689585
Behaviour:
  m_ObjectHideFlags: 0
  m_PrefabParentObject: {fileID: 0}
  m_PrefabInternal: {fileID: 0}
  m_GameObject: {fileID: 865689582}
  m_Enabled: 1
--- !u!20 &865689586
Camera:
  m_ObjectHideFlags: 0
  m_PrefabParentObject: {fileID: 0}
  m_PrefabInternal: {fileID: 0}
  m_GameObject: {fileID: 865689582}
  m_Enabled: 1
  serializedVersion: 2
  m_ClearFlags: 2
  m_BackGroundColor: {r: .192156866, g: .301960796, b: .474509805, a: .0196078438}
  m_NormalizedViewPortRect:
    serializedVersion: 2
    x: 0
    y: 0
    width: 1
    height: 1
  near clip plane: .300000012
  far clip plane: 1000
  field of view: 60
  orthographic: 0
  orthographic size: 5
  m_Depth: -1
  m_CullingMask:
    serializedVersion: 2
    m_Bits: 4294967295
  m_RenderingPath: -1
  m_TargetTexture: {fileID: 0}
  m_TargetDisplay: 0
  m_HDR: 0
  m_OcclusionCulling: 1
  m_StereoConvergence: 10
  m_StereoSeparation: .0219999999
--- !u!4 &865689587
Transform:
  m_ObjectHideFlags: 0
  m_PrefabParentObject: {fileID: 0}
  m_PrefabInternal: {fileID: 0}
  m_GameObject: {fileID: 865689582}
  m_LocalRotation: {x: .382683486, y: 0, z: 0, w: .923879564}
  m_LocalPosition: {x: 0, y: 10, z: -10}
  m_LocalScale: {x: 1, y: 1, z: 1}
  m_Children: []
  m_Father: {fileID: 0}
  m_RootOrder: 0
--- !u!114 &865689588
MonoBehaviour:
  m_ObjectHideFlags: 0
  m_PrefabParentObject: {fileID: 0}
  m_PrefabInternal: {fileID: 0}
  m_GameObject: {fileID: 865689582}
  m_Enabled: 1
  m_EditorHideFlags: 0
  m_Script: {fileID: 11500000, guid: 90764808b746e65428023f71c7d8e105, type: 3}
  m_Name: 
  m_EditorClassIdentifier: 
  player: {fileID: 1395186138}
--- !u!1 &875565690
GameObject:
  m_ObjectHideFlags: 0
  m_PrefabParentObject: {fileID: 100000, guid: 4465826b37a62c64cb4ed8828711752f, type: 2}
  m_PrefabInternal: {fileID: 678991753}
  serializedVersion: 4
  m_Component:
  - 4: {fileID: 875565691}
  - 33: {fileID: 875565695}
  - 65: {fileID: 875565694}
  - 23: {fileID: 875565693}
  - 114: {fileID: 875565692}
  - 54: {fileID: 875565696}
  m_Layer: 0
  m_Name: PickUp
  m_TagString: PickUp
  m_Icon: {fileID: 0}
  m_NavMeshLayer: 0
  m_StaticEditorFlags: 0
  m_IsActive: 1
--- !u!4 &875565691
Transform:
  m_ObjectHideFlags: 0
  m_PrefabParentObject: {fileID: 400000, guid: 4465826b37a62c64cb4ed8828711752f, type: 2}
  m_PrefabInternal: {fileID: 678991753}
  m_GameObject: {fileID: 875565690}
  m_LocalRotation: {x: .461939991, y: .191341996, z: .191341996, w: .844623029}
  m_LocalPosition: {x: 2.41260004, y: .5, z: -3.90190005}
  m_LocalScale: {x: .5, y: .49999997, z: .5}
  m_Children: []
  m_Father: {fileID: 1493345241}
  m_RootOrder: 5
--- !u!114 &875565692
MonoBehaviour:
  m_ObjectHideFlags: 0
  m_PrefabParentObject: {fileID: 11400000, guid: 4465826b37a62c64cb4ed8828711752f,
    type: 2}
  m_PrefabInternal: {fileID: 678991753}
  m_GameObject: {fileID: 875565690}
  m_Enabled: 1
  m_EditorHideFlags: 0
  m_Script: {fileID: 11500000, guid: 6e60f938053500f47b9734ee7c6a0a27, type: 3}
  m_Name: 
  m_EditorClassIdentifier: 
  currency: {fileID: 400000, guid: 03dcb32a8da25844ca3efeb16d77633c, type: 2}
  powerup: {fileID: 400000, guid: bf16ab2fc93be014ba831e1bd9b35a55, type: 2}
--- !u!23 &875565693
Renderer:
  m_ObjectHideFlags: 0
  m_PrefabParentObject: {fileID: 2300000, guid: 4465826b37a62c64cb4ed8828711752f,
    type: 2}
  m_PrefabInternal: {fileID: 678991753}
  m_GameObject: {fileID: 875565690}
  m_Enabled: 1
  m_CastShadows: 1
  m_ReceiveShadows: 1
  m_LightmapIndex: 255
  m_LightmapTilingOffset: {x: 1, y: 1, z: 0, w: 0}
  m_Materials:
  - {fileID: 10302, guid: 0000000000000000f000000000000000, type: 0}
  m_SubsetIndices: 
  m_StaticBatchRoot: {fileID: 0}
  m_UseLightProbes: 0
  m_LightProbeAnchor: {fileID: 0}
  m_ScaleInLightmap: 1
  m_SortingLayerID: 0
  m_SortingOrder: 0
--- !u!65 &875565694
BoxCollider:
  m_ObjectHideFlags: 0
  m_PrefabParentObject: {fileID: 6500000, guid: 4465826b37a62c64cb4ed8828711752f,
    type: 2}
  m_PrefabInternal: {fileID: 678991753}
  m_GameObject: {fileID: 875565690}
  m_Material: {fileID: 0}
  m_IsTrigger: 1
  m_Enabled: 1
  serializedVersion: 2
  m_Size: {x: 1, y: 1, z: 1}
  m_Center: {x: 0, y: 0, z: 0}
--- !u!33 &875565695
MeshFilter:
  m_ObjectHideFlags: 0
  m_PrefabParentObject: {fileID: 3300000, guid: 4465826b37a62c64cb4ed8828711752f,
    type: 2}
  m_PrefabInternal: {fileID: 678991753}
  m_GameObject: {fileID: 875565690}
  m_Mesh: {fileID: 10202, guid: 0000000000000000e000000000000000, type: 0}
--- !u!54 &875565696
Rigidbody:
  m_ObjectHideFlags: 0
  m_PrefabParentObject: {fileID: 5400000, guid: 4465826b37a62c64cb4ed8828711752f,
    type: 2}
  m_PrefabInternal: {fileID: 678991753}
  m_GameObject: {fileID: 875565690}
  serializedVersion: 2
  m_Mass: 1
  m_Drag: 0
  m_AngularDrag: .0500000007
  m_UseGravity: 1
  m_IsKinematic: 1
  m_Interpolate: 0
  m_Constraints: 0
  m_CollisionDetection: 0
--- !u!1001 &930625279
Prefab:
  m_ObjectHideFlags: 0
  serializedVersion: 2
  m_Modification:
    m_TransformParent: {fileID: 1493345241}
    m_Modifications:
    - target: {fileID: 400000, guid: 4465826b37a62c64cb4ed8828711752f, type: 2}
      propertyPath: m_LocalPosition.x
      value: 4.4677
      objectReference: {fileID: 0}
    - target: {fileID: 400000, guid: 4465826b37a62c64cb4ed8828711752f, type: 2}
      propertyPath: m_LocalPosition.y
      value: .5
      objectReference: {fileID: 0}
    - target: {fileID: 400000, guid: 4465826b37a62c64cb4ed8828711752f, type: 2}
      propertyPath: m_LocalPosition.z
      value: .0594770014
      objectReference: {fileID: 0}
    - target: {fileID: 400000, guid: 4465826b37a62c64cb4ed8828711752f, type: 2}
      propertyPath: m_LocalRotation.x
      value: .461939991
      objectReference: {fileID: 0}
    - target: {fileID: 400000, guid: 4465826b37a62c64cb4ed8828711752f, type: 2}
      propertyPath: m_LocalRotation.y
      value: .191341996
      objectReference: {fileID: 0}
    - target: {fileID: 400000, guid: 4465826b37a62c64cb4ed8828711752f, type: 2}
      propertyPath: m_LocalRotation.z
      value: .191341996
      objectReference: {fileID: 0}
    - target: {fileID: 400000, guid: 4465826b37a62c64cb4ed8828711752f, type: 2}
      propertyPath: m_LocalRotation.w
      value: .844623029
      objectReference: {fileID: 0}
    - target: {fileID: 400000, guid: 4465826b37a62c64cb4ed8828711752f, type: 2}
      propertyPath: m_RootOrder
      value: 3
      objectReference: {fileID: 0}
    - target: {fileID: 400000, guid: 4465826b37a62c64cb4ed8828711752f, type: 2}
      propertyPath: m_LocalScale.z
      value: .5
      objectReference: {fileID: 0}
    - target: {fileID: 400000, guid: 4465826b37a62c64cb4ed8828711752f, type: 2}
      propertyPath: m_LocalScale.y
      value: .49999997
      objectReference: {fileID: 0}
    m_RemovedComponents: []
  m_ParentPrefab: {fileID: 100100000, guid: 4465826b37a62c64cb4ed8828711752f, type: 2}
  m_RootGameObject: {fileID: 1649493110}
  m_IsPrefabParent: 0
  m_IsExploded: 1
--- !u!1001 &1022879256
Prefab:
  m_ObjectHideFlags: 0
  serializedVersion: 2
  m_Modification:
    m_TransformParent: {fileID: 1493345241}
    m_Modifications:
    - target: {fileID: 400000, guid: 4465826b37a62c64cb4ed8828711752f, type: 2}
      propertyPath: m_LocalPosition.x
      value: -4.22940016
      objectReference: {fileID: 0}
    - target: {fileID: 400000, guid: 4465826b37a62c64cb4ed8828711752f, type: 2}
      propertyPath: m_LocalPosition.y
      value: .5
      objectReference: {fileID: 0}
    - target: {fileID: 400000, guid: 4465826b37a62c64cb4ed8828711752f, type: 2}
      propertyPath: m_LocalPosition.z
      value: 2.32299995
      objectReference: {fileID: 0}
    - target: {fileID: 400000, guid: 4465826b37a62c64cb4ed8828711752f, type: 2}
      propertyPath: m_LocalRotation.x
      value: .461939991
      objectReference: {fileID: 0}
    - target: {fileID: 400000, guid: 4465826b37a62c64cb4ed8828711752f, type: 2}
      propertyPath: m_LocalRotation.y
      value: .191341996
      objectReference: {fileID: 0}
    - target: {fileID: 400000, guid: 4465826b37a62c64cb4ed8828711752f, type: 2}
      propertyPath: m_LocalRotation.z
      value: .191341996
      objectReference: {fileID: 0}
    - target: {fileID: 400000, guid: 4465826b37a62c64cb4ed8828711752f, type: 2}
      propertyPath: m_LocalRotation.w
      value: .844623029
      objectReference: {fileID: 0}
    - target: {fileID: 400000, guid: 4465826b37a62c64cb4ed8828711752f, type: 2}
      propertyPath: m_RootOrder
      value: 10
      objectReference: {fileID: 0}
    m_RemovedComponents: []
  m_ParentPrefab: {fileID: 100100000, guid: 4465826b37a62c64cb4ed8828711752f, type: 2}
  m_RootGameObject: {fileID: 759524718}
  m_IsPrefabParent: 0
  m_IsExploded: 1
--- !u!1 &1050568272
GameObject:
  m_ObjectHideFlags: 0
  m_PrefabParentObject: {fileID: 0}
  m_PrefabInternal: {fileID: 0}
  serializedVersion: 4
  m_Component:
  - 4: {fileID: 1050568273}
  m_Layer: 0
  m_Name: Lighting
  m_TagString: Untagged
  m_Icon: {fileID: 0}
  m_NavMeshLayer: 0
  m_StaticEditorFlags: 0
  m_IsActive: 1
--- !u!4 &1050568273
Transform:
  m_ObjectHideFlags: 0
  m_PrefabParentObject: {fileID: 0}
  m_PrefabInternal: {fileID: 0}
  m_GameObject: {fileID: 1050568272}
  m_LocalRotation: {x: 0, y: 0, z: 0, w: 1}
  m_LocalPosition: {x: 0, y: 100, z: 0}
  m_LocalScale: {x: 1, y: 1, z: 1}
  m_Children:
  - {fileID: 1433949558}
  - {fileID: 1363945835}
  m_Father: {fileID: 0}
  m_RootOrder: 3
--- !u!1001 &1063128889
Prefab:
  m_ObjectHideFlags: 0
  serializedVersion: 2
  m_Modification:
    m_TransformParent: {fileID: 1493345241}
    m_Modifications:
    - target: {fileID: 400000, guid: 4465826b37a62c64cb4ed8828711752f, type: 2}
      propertyPath: m_LocalPosition.x
      value: -4.5868001
      objectReference: {fileID: 0}
    - target: {fileID: 400000, guid: 4465826b37a62c64cb4ed8828711752f, type: 2}
      propertyPath: m_LocalPosition.y
      value: .5
      objectReference: {fileID: 0}
    - target: {fileID: 400000, guid: 4465826b37a62c64cb4ed8828711752f, type: 2}
      propertyPath: m_LocalPosition.z
      value: -.0299529992
      objectReference: {fileID: 0}
    - target: {fileID: 400000, guid: 4465826b37a62c64cb4ed8828711752f, type: 2}
      propertyPath: m_LocalRotation.x
      value: .461939991
      objectReference: {fileID: 0}
    - target: {fileID: 400000, guid: 4465826b37a62c64cb4ed8828711752f, type: 2}
      propertyPath: m_LocalRotation.y
      value: .191341996
      objectReference: {fileID: 0}
    - target: {fileID: 400000, guid: 4465826b37a62c64cb4ed8828711752f, type: 2}
      propertyPath: m_LocalRotation.z
      value: .191341996
      objectReference: {fileID: 0}
    - target: {fileID: 400000, guid: 4465826b37a62c64cb4ed8828711752f, type: 2}
      propertyPath: m_LocalRotation.w
      value: .844623029
      objectReference: {fileID: 0}
    - target: {fileID: 400000, guid: 4465826b37a62c64cb4ed8828711752f, type: 2}
      propertyPath: m_RootOrder
      value: 9
      objectReference: {fileID: 0}
    - target: {fileID: 400000, guid: 4465826b37a62c64cb4ed8828711752f, type: 2}
      propertyPath: m_LocalScale.z
      value: .5
      objectReference: {fileID: 0}
    - target: {fileID: 400000, guid: 4465826b37a62c64cb4ed8828711752f, type: 2}
      propertyPath: m_LocalScale.y
      value: .49999997
      objectReference: {fileID: 0}
    m_RemovedComponents: []
  m_ParentPrefab: {fileID: 100100000, guid: 4465826b37a62c64cb4ed8828711752f, type: 2}
  m_RootGameObject: {fileID: 625358877}
  m_IsPrefabParent: 0
  m_IsExploded: 1
--- !u!1 &1076376955
GameObject:
  m_ObjectHideFlags: 0
  m_PrefabParentObject: {fileID: 0}
  m_PrefabInternal: {fileID: 0}
  serializedVersion: 4
  m_Component:
  - 224: {fileID: 1076376956}
  - 222: {fileID: 1076376958}
  - 114: {fileID: 1076376957}
  m_Layer: 5
  m_Name: Count Text
  m_TagString: Untagged
  m_Icon: {fileID: 0}
  m_NavMeshLayer: 0
  m_StaticEditorFlags: 0
  m_IsActive: 1
--- !u!224 &1076376956
RectTransform:
  m_ObjectHideFlags: 0
  m_PrefabParentObject: {fileID: 0}
  m_PrefabInternal: {fileID: 0}
  m_GameObject: {fileID: 1076376955}
  m_LocalRotation: {x: 0, y: 0, z: 0, w: 1}
  m_LocalPosition: {x: 0, y: 0, z: 0}
  m_LocalScale: {x: 1, y: 1, z: 1}
  m_Children: []
  m_Father: {fileID: 132082839}
  m_RootOrder: 0
  m_AnchorMin: {x: 0, y: 1}
  m_AnchorMax: {x: 0, y: 1}
  m_AnchoredPosition: {x: 10, y: -10}
  m_SizeDelta: {x: 200, y: 30}
  m_Pivot: {x: 0, y: 1}
--- !u!114 &1076376957
MonoBehaviour:
  m_ObjectHideFlags: 0
  m_PrefabParentObject: {fileID: 0}
  m_PrefabInternal: {fileID: 0}
  m_GameObject: {fileID: 1076376955}
  m_Enabled: 1
  m_EditorHideFlags: 0
  m_Script: {fileID: 708705254, guid: f5f67c52d1564df4a8936ccd202a3bd8, type: 3}
  m_Name: 
  m_EditorClassIdentifier: 
  m_Material: {fileID: 0}
  m_Color: {r: 1, g: 1, b: 1, a: 1}
  m_FontData:
    m_Font: {fileID: 10102, guid: 0000000000000000e000000000000000, type: 0}
    m_FontSize: 14
    m_FontStyle: 0
    m_BestFit: 0
    m_MinSize: 10
    m_MaxSize: 40
    m_Alignment: 0
    m_RichText: 1
    m_HorizontalOverflow: 0
    m_VerticalOverflow: 0
    m_LineSpacing: 1
  m_Text: 'Score: 0 | Currency: 0'
--- !u!222 &1076376958
CanvasRenderer:
  m_ObjectHideFlags: 0
  m_PrefabParentObject: {fileID: 0}
  m_PrefabInternal: {fileID: 0}
  m_GameObject: {fileID: 1076376955}
  m_HideIfInvisible: 0
--- !u!1001 &1174343898
Prefab:
  m_ObjectHideFlags: 0
  serializedVersion: 2
  m_Modification:
    m_TransformParent: {fileID: 1493345241}
    m_Modifications:
    - target: {fileID: 400000, guid: 4465826b37a62c64cb4ed8828711752f, type: 2}
      propertyPath: m_LocalPosition.x
      value: -2.59120011
      objectReference: {fileID: 0}
    - target: {fileID: 400000, guid: 4465826b37a62c64cb4ed8828711752f, type: 2}
      propertyPath: m_LocalPosition.y
      value: .5
      objectReference: {fileID: 0}
    - target: {fileID: 400000, guid: 4465826b37a62c64cb4ed8828711752f, type: 2}
      propertyPath: m_LocalPosition.z
      value: 4.02080011
      objectReference: {fileID: 0}
    - target: {fileID: 400000, guid: 4465826b37a62c64cb4ed8828711752f, type: 2}
      propertyPath: m_LocalRotation.x
      value: .461939991
      objectReference: {fileID: 0}
    - target: {fileID: 400000, guid: 4465826b37a62c64cb4ed8828711752f, type: 2}
      propertyPath: m_LocalRotation.y
      value: .191341996
      objectReference: {fileID: 0}
    - target: {fileID: 400000, guid: 4465826b37a62c64cb4ed8828711752f, type: 2}
      propertyPath: m_LocalRotation.z
      value: .191341996
      objectReference: {fileID: 0}
    - target: {fileID: 400000, guid: 4465826b37a62c64cb4ed8828711752f, type: 2}
      propertyPath: m_LocalRotation.w
      value: .844623029
      objectReference: {fileID: 0}
    - target: {fileID: 400000, guid: 4465826b37a62c64cb4ed8828711752f, type: 2}
      propertyPath: m_RootOrder
      value: 11
      objectReference: {fileID: 0}
    - target: {fileID: 400000, guid: 4465826b37a62c64cb4ed8828711752f, type: 2}
      propertyPath: m_LocalScale.z
      value: .5
      objectReference: {fileID: 0}
    - target: {fileID: 400000, guid: 4465826b37a62c64cb4ed8828711752f, type: 2}
      propertyPath: m_LocalScale.y
      value: .49999997
      objectReference: {fileID: 0}
    m_RemovedComponents: []
  m_ParentPrefab: {fileID: 100100000, guid: 4465826b37a62c64cb4ed8828711752f, type: 2}
  m_RootGameObject: {fileID: 2143175254}
  m_IsPrefabParent: 0
  m_IsExploded: 1
--- !u!1001 &1351412956
Prefab:
  m_ObjectHideFlags: 0
  serializedVersion: 2
  m_Modification:
    m_TransformParent: {fileID: 1493345241}
    m_Modifications:
    - target: {fileID: 400000, guid: 4465826b37a62c64cb4ed8828711752f, type: 2}
      propertyPath: m_LocalPosition.x
      value: 0
      objectReference: {fileID: 0}
    - target: {fileID: 400000, guid: 4465826b37a62c64cb4ed8828711752f, type: 2}
      propertyPath: m_LocalPosition.y
      value: .5
      objectReference: {fileID: 0}
    - target: {fileID: 400000, guid: 4465826b37a62c64cb4ed8828711752f, type: 2}
      propertyPath: m_LocalPosition.z
      value: 4.55700016
      objectReference: {fileID: 0}
    - target: {fileID: 400000, guid: 4465826b37a62c64cb4ed8828711752f, type: 2}
      propertyPath: m_LocalRotation.x
      value: .461939812
      objectReference: {fileID: 0}
    - target: {fileID: 400000, guid: 4465826b37a62c64cb4ed8828711752f, type: 2}
      propertyPath: m_LocalRotation.y
      value: .191341728
      objectReference: {fileID: 0}
    - target: {fileID: 400000, guid: 4465826b37a62c64cb4ed8828711752f, type: 2}
      propertyPath: m_LocalRotation.z
      value: .191341728
      objectReference: {fileID: 0}
    - target: {fileID: 400000, guid: 4465826b37a62c64cb4ed8828711752f, type: 2}
      propertyPath: m_LocalRotation.w
      value: .844623208
      objectReference: {fileID: 0}
    - target: {fileID: 400000, guid: 4465826b37a62c64cb4ed8828711752f, type: 2}
      propertyPath: m_RootOrder
      value: 0
      objectReference: {fileID: 0}
    m_RemovedComponents: []
  m_ParentPrefab: {fileID: 100100000, guid: 4465826b37a62c64cb4ed8828711752f, type: 2}
  m_RootGameObject: {fileID: 229347752}
  m_IsPrefabParent: 0
  m_IsExploded: 1
--- !u!1 &1362650785
GameObject:
  m_ObjectHideFlags: 0
  m_PrefabParentObject: {fileID: 100000, guid: 4465826b37a62c64cb4ed8828711752f, type: 2}
  m_PrefabInternal: {fileID: 385406997}
  serializedVersion: 4
  m_Component:
  - 4: {fileID: 1362650786}
  - 33: {fileID: 1362650790}
  - 65: {fileID: 1362650789}
  - 23: {fileID: 1362650788}
  - 114: {fileID: 1362650787}
  - 54: {fileID: 1362650791}
  m_Layer: 0
  m_Name: PickUp
  m_TagString: PickUp
  m_Icon: {fileID: 0}
  m_NavMeshLayer: 0
  m_StaticEditorFlags: 0
  m_IsActive: 1
--- !u!4 &1362650786
Transform:
  m_ObjectHideFlags: 0
  m_PrefabParentObject: {fileID: 400000, guid: 4465826b37a62c64cb4ed8828711752f, type: 2}
  m_PrefabInternal: {fileID: 385406997}
  m_GameObject: {fileID: 1362650785}
  m_LocalRotation: {x: .461939991, y: .191341996, z: .191341996, w: .844623029}
  m_LocalPosition: {x: -2.44230008, y: .5, z: -3.90190005}
  m_LocalScale: {x: .5, y: .49999997, z: .5}
  m_Children: []
  m_Father: {fileID: 1493345241}
  m_RootOrder: 7
--- !u!114 &1362650787
MonoBehaviour:
  m_ObjectHideFlags: 0
  m_PrefabParentObject: {fileID: 11400000, guid: 4465826b37a62c64cb4ed8828711752f,
    type: 2}
  m_PrefabInternal: {fileID: 385406997}
  m_GameObject: {fileID: 1362650785}
  m_Enabled: 1
  m_EditorHideFlags: 0
  m_Script: {fileID: 11500000, guid: 6e60f938053500f47b9734ee7c6a0a27, type: 3}
  m_Name: 
  m_EditorClassIdentifier: 
  currency: {fileID: 400000, guid: 03dcb32a8da25844ca3efeb16d77633c, type: 2}
  powerup: {fileID: 400000, guid: bf16ab2fc93be014ba831e1bd9b35a55, type: 2}
--- !u!23 &1362650788
Renderer:
  m_ObjectHideFlags: 0
  m_PrefabParentObject: {fileID: 2300000, guid: 4465826b37a62c64cb4ed8828711752f,
    type: 2}
  m_PrefabInternal: {fileID: 385406997}
  m_GameObject: {fileID: 1362650785}
  m_Enabled: 1
  m_CastShadows: 1
  m_ReceiveShadows: 1
  m_LightmapIndex: 255
  m_LightmapTilingOffset: {x: 1, y: 1, z: 0, w: 0}
  m_Materials:
  - {fileID: 10302, guid: 0000000000000000f000000000000000, type: 0}
  m_SubsetIndices: 
  m_StaticBatchRoot: {fileID: 0}
  m_UseLightProbes: 0
  m_LightProbeAnchor: {fileID: 0}
  m_ScaleInLightmap: 1
  m_SortingLayerID: 0
  m_SortingOrder: 0
--- !u!65 &1362650789
BoxCollider:
  m_ObjectHideFlags: 0
  m_PrefabParentObject: {fileID: 6500000, guid: 4465826b37a62c64cb4ed8828711752f,
    type: 2}
  m_PrefabInternal: {fileID: 385406997}
  m_GameObject: {fileID: 1362650785}
  m_Material: {fileID: 0}
  m_IsTrigger: 1
  m_Enabled: 1
  serializedVersion: 2
  m_Size: {x: 1, y: 1, z: 1}
  m_Center: {x: 0, y: 0, z: 0}
--- !u!33 &1362650790
MeshFilter:
  m_ObjectHideFlags: 0
  m_PrefabParentObject: {fileID: 3300000, guid: 4465826b37a62c64cb4ed8828711752f,
    type: 2}
  m_PrefabInternal: {fileID: 385406997}
  m_GameObject: {fileID: 1362650785}
  m_Mesh: {fileID: 10202, guid: 0000000000000000e000000000000000, type: 0}
--- !u!54 &1362650791
Rigidbody:
  m_ObjectHideFlags: 0
  m_PrefabParentObject: {fileID: 5400000, guid: 4465826b37a62c64cb4ed8828711752f,
    type: 2}
  m_PrefabInternal: {fileID: 385406997}
  m_GameObject: {fileID: 1362650785}
  serializedVersion: 2
  m_Mass: 1
  m_Drag: 0
  m_AngularDrag: .0500000007
  m_UseGravity: 1
  m_IsKinematic: 1
  m_Interpolate: 0
  m_Constraints: 0
  m_CollisionDetection: 0
--- !u!1 &1363945834
GameObject:
  m_ObjectHideFlags: 0
  m_PrefabParentObject: {fileID: 0}
  m_PrefabInternal: {fileID: 0}
  serializedVersion: 4
  m_Component:
  - 4: {fileID: 1363945835}
  - 108: {fileID: 1363945836}
  m_Layer: 0
  m_Name: Fill Light
  m_TagString: Untagged
  m_Icon: {fileID: 0}
  m_NavMeshLayer: 0
  m_StaticEditorFlags: 0
  m_IsActive: 1
--- !u!4 &1363945835
Transform:
  m_ObjectHideFlags: 0
  m_PrefabParentObject: {fileID: 0}
  m_PrefabInternal: {fileID: 0}
  m_GameObject: {fileID: 1363945834}
  m_LocalRotation: {x: -.224143878, y: -.482962936, z: -.129409537, w: .836516321}
  m_LocalPosition: {x: 0, y: 0, z: 0}
  m_LocalScale: {x: 1, y: 1, z: 1}
  m_Children: []
  m_Father: {fileID: 1050568273}
  m_RootOrder: 1
--- !u!108 &1363945836
Light:
  m_ObjectHideFlags: 0
  m_PrefabParentObject: {fileID: 0}
  m_PrefabInternal: {fileID: 0}
  m_GameObject: {fileID: 1363945834}
  m_Enabled: 1
  serializedVersion: 3
  m_Type: 1
  m_Color: {r: .823529422, g: .823529422, b: 1, a: 1}
  m_Intensity: .100000001
  m_Range: 10
  m_SpotAngle: 30
  m_CookieSize: 10
  m_Shadows:
    m_Type: 0
    m_Resolution: 3
    m_Strength: 1
    m_Bias: .0500000007
    m_Softness: 4
    m_SoftnessFade: 1
  m_Cookie: {fileID: 0}
  m_DrawHalo: 0
  m_ActuallyLightmapped: 0
  m_Flare: {fileID: 0}
  m_RenderMode: 0
  m_CullingMask:
    serializedVersion: 2
    m_Bits: 4294967295
  m_Lightmapping: 1
  m_ShadowSamples: 1
  m_ShadowRadius: 0
  m_ShadowAngle: 0
  m_IndirectIntensity: 1
  m_AreaSize: {x: 1, y: 1}
--- !u!1 &1395186138
GameObject:
  m_ObjectHideFlags: 0
  m_PrefabParentObject: {fileID: 0}
  m_PrefabInternal: {fileID: 0}
  serializedVersion: 4
  m_Component:
  - 4: {fileID: 1395186144}
  - 33: {fileID: 1395186143}
  - 23: {fileID: 1395186142}
  - 54: {fileID: 1395186141}
  - 135: {fileID: 1395186140}
  - 114: {fileID: 1395186139}
  m_Layer: 0
  m_Name: Player
  m_TagString: Untagged
  m_Icon: {fileID: 0}
  m_NavMeshLayer: 0
  m_StaticEditorFlags: 0
  m_IsActive: 1
--- !u!114 &1395186139
MonoBehaviour:
  m_ObjectHideFlags: 0
  m_PrefabParentObject: {fileID: 0}
  m_PrefabInternal: {fileID: 0}
  m_GameObject: {fileID: 1395186138}
  m_Enabled: 1
  m_EditorHideFlags: 0
  m_Script: {fileID: 11500000, guid: aa445ba1c034c8247bd251987746da42, type: 3}
  m_Name: 
  m_EditorClassIdentifier: 
  speed: 500
  countText: {fileID: 1076376955}
  winText: {fileID: 45339683}
  nightGroup: {fileID: 262662928}
  dayGroup: {fileID: 1905886052}
  cameraObject: {fileID: 865689582}
  mainLightObject: {fileID: 1433949556}
  fillLightObject: {fileID: 1363945834}
  skyBoxObject: {fileID: 1698492776}
  skyBoxSwap: {fileID: 2800000, guid: 7ee69a0a31eb7824e8d890f3c5f3a13c, type: 3}
--- !u!135 &1395186140
SphereCollider:
  m_ObjectHideFlags: 0
  m_PrefabParentObject: {fileID: 0}
  m_PrefabInternal: {fileID: 0}
  m_GameObject: {fileID: 1395186138}
  m_Material: {fileID: 0}
  m_IsTrigger: 0
  m_Enabled: 1
  serializedVersion: 2
  m_Radius: .5
  m_Center: {x: 0, y: 0, z: 0}
--- !u!54 &1395186141
Rigidbody:
  m_ObjectHideFlags: 0
  m_PrefabParentObject: {fileID: 0}
  m_PrefabInternal: {fileID: 0}
  m_GameObject: {fileID: 1395186138}
  serializedVersion: 2
  m_Mass: 1
  m_Drag: .200000003
  m_AngularDrag: .200000003
  m_UseGravity: 1
  m_IsKinematic: 0
  m_Interpolate: 0
  m_Constraints: 0
  m_CollisionDetection: 0
--- !u!23 &1395186142
Renderer:
  m_ObjectHideFlags: 0
  m_PrefabParentObject: {fileID: 0}
  m_PrefabInternal: {fileID: 0}
  m_GameObject: {fileID: 1395186138}
  m_Enabled: 1
  m_CastShadows: 1
  m_ReceiveShadows: 1
  m_LightmapIndex: 255
  m_LightmapTilingOffset: {x: 1, y: 1, z: 0, w: 0}
  m_Materials:
  - {fileID: 10302, guid: 0000000000000000f000000000000000, type: 0}
  m_SubsetIndices: 
  m_StaticBatchRoot: {fileID: 0}
  m_UseLightProbes: 0
  m_LightProbeAnchor: {fileID: 0}
  m_ScaleInLightmap: 1
  m_SortingLayerID: 0
  m_SortingOrder: 0
--- !u!33 &1395186143
MeshFilter:
  m_ObjectHideFlags: 0
  m_PrefabParentObject: {fileID: 0}
  m_PrefabInternal: {fileID: 0}
  m_GameObject: {fileID: 1395186138}
  m_Mesh: {fileID: 10207, guid: 0000000000000000e000000000000000, type: 0}
--- !u!4 &1395186144
Transform:
  m_ObjectHideFlags: 0
  m_PrefabParentObject: {fileID: 0}
  m_PrefabInternal: {fileID: 0}
  m_GameObject: {fileID: 1395186138}
  m_LocalRotation: {x: 0, y: 0, z: 0, w: 1}
  m_LocalPosition: {x: 0, y: .5, z: 0}
  m_LocalScale: {x: 1, y: 1, z: 1}
  m_Children: []
  m_Father: {fileID: 0}
  m_RootOrder: 2
--- !u!1 &1433949556
GameObject:
  m_ObjectHideFlags: 0
  m_PrefabParentObject: {fileID: 0}
  m_PrefabInternal: {fileID: 0}
  serializedVersion: 4
  m_Component:
  - 4: {fileID: 1433949558}
  - 108: {fileID: 1433949557}
  m_Layer: 0
  m_Name: Main Light
  m_TagString: Untagged
  m_Icon: {fileID: 0}
  m_NavMeshLayer: 0
  m_StaticEditorFlags: 0
  m_IsActive: 1
--- !u!108 &1433949557
Light:
  m_ObjectHideFlags: 0
  m_PrefabParentObject: {fileID: 0}
  m_PrefabInternal: {fileID: 0}
  m_GameObject: {fileID: 1433949556}
  m_Enabled: 1
  serializedVersion: 3
  m_Type: 1
  m_Color: {r: 1, g: 1, b: .921568632, a: 1}
  m_Intensity: .5
  m_Range: 10
  m_SpotAngle: 30
  m_CookieSize: 10
  m_Shadows:
    m_Type: 2
    m_Resolution: 3
    m_Strength: 1
    m_Bias: .0500000007
    m_Softness: 4
    m_SoftnessFade: 1
  m_Cookie: {fileID: 0}
  m_DrawHalo: 0
  m_ActuallyLightmapped: 0
  m_Flare: {fileID: 0}
  m_RenderMode: 0
  m_CullingMask:
    serializedVersion: 2
    m_Bits: 4294967295
  m_Lightmapping: 1
  m_ShadowSamples: 1
  m_ShadowRadius: 0
  m_ShadowAngle: 0
  m_IndirectIntensity: 1
  m_AreaSize: {x: 1, y: 1}
--- !u!4 &1433949558
Transform:
  m_ObjectHideFlags: 0
  m_PrefabParentObject: {fileID: 0}
  m_PrefabInternal: {fileID: 0}
  m_GameObject: {fileID: 1433949556}
  m_LocalRotation: {x: .224143878, y: .482962936, z: -.129409537, w: .836516321}
  m_LocalPosition: {x: 0, y: 0, z: 0}
  m_LocalScale: {x: 1, y: 1, z: 1}
  m_Children: []
  m_Father: {fileID: 1050568273}
  m_RootOrder: 0
--- !u!1 &1493345240
GameObject:
  m_ObjectHideFlags: 0
  m_PrefabParentObject: {fileID: 0}
  m_PrefabInternal: {fileID: 0}
  serializedVersion: 4
  m_Component:
  - 4: {fileID: 1493345241}
  m_Layer: 0
  m_Name: PickUps
  m_TagString: Untagged
  m_Icon: {fileID: 0}
  m_NavMeshLayer: 0
  m_StaticEditorFlags: 0
  m_IsActive: 1
--- !u!4 &1493345241
Transform:
  m_ObjectHideFlags: 0
  m_PrefabParentObject: {fileID: 0}
  m_PrefabInternal: {fileID: 0}
  m_GameObject: {fileID: 1493345240}
  m_LocalRotation: {x: 0, y: 0, z: 0, w: 1}
  m_LocalPosition: {x: 0, y: 0, z: 0}
  m_LocalScale: {x: 1, y: 1, z: 1}
  m_Children:
  - {fileID: 229347757}
  - {fileID: 1705974701}
  - {fileID: 1669805232}
  - {fileID: 1649493111}
  - {fileID: 322758358}
  - {fileID: 875565691}
  - {fileID: 1830009623}
  - {fileID: 1362650786}
  - {fileID: 23382501}
  - {fileID: 625358878}
  - {fileID: 759524719}
  - {fileID: 2143175255}
  m_Father: {fileID: 0}
  m_RootOrder: 5
--- !u!1 &1649493110
GameObject:
  m_ObjectHideFlags: 0
  m_PrefabParentObject: {fileID: 100000, guid: 4465826b37a62c64cb4ed8828711752f, type: 2}
  m_PrefabInternal: {fileID: 930625279}
  serializedVersion: 4
  m_Component:
  - 4: {fileID: 1649493111}
  - 33: {fileID: 1649493115}
  - 65: {fileID: 1649493114}
  - 23: {fileID: 1649493113}
  - 114: {fileID: 1649493112}
  - 54: {fileID: 1649493116}
  m_Layer: 0
  m_Name: PickUp
  m_TagString: PickUp
  m_Icon: {fileID: 0}
  m_NavMeshLayer: 0
  m_StaticEditorFlags: 0
  m_IsActive: 1
--- !u!4 &1649493111
Transform:
  m_ObjectHideFlags: 0
  m_PrefabParentObject: {fileID: 400000, guid: 4465826b37a62c64cb4ed8828711752f, type: 2}
  m_PrefabInternal: {fileID: 930625279}
  m_GameObject: {fileID: 1649493110}
  m_LocalRotation: {x: .461939991, y: .191341996, z: .191341996, w: .844623029}
  m_LocalPosition: {x: 4.4677, y: .5, z: .0594770014}
  m_LocalScale: {x: .5, y: .49999997, z: .5}
  m_Children: []
  m_Father: {fileID: 1493345241}
  m_RootOrder: 3
--- !u!114 &1649493112
MonoBehaviour:
  m_ObjectHideFlags: 0
  m_PrefabParentObject: {fileID: 11400000, guid: 4465826b37a62c64cb4ed8828711752f,
    type: 2}
  m_PrefabInternal: {fileID: 930625279}
  m_GameObject: {fileID: 1649493110}
  m_Enabled: 1
  m_EditorHideFlags: 0
  m_Script: {fileID: 11500000, guid: 6e60f938053500f47b9734ee7c6a0a27, type: 3}
  m_Name: 
  m_EditorClassIdentifier: 
  currency: {fileID: 400000, guid: 03dcb32a8da25844ca3efeb16d77633c, type: 2}
  powerup: {fileID: 400000, guid: bf16ab2fc93be014ba831e1bd9b35a55, type: 2}
--- !u!23 &1649493113
Renderer:
  m_ObjectHideFlags: 0
  m_PrefabParentObject: {fileID: 2300000, guid: 4465826b37a62c64cb4ed8828711752f,
    type: 2}
  m_PrefabInternal: {fileID: 930625279}
  m_GameObject: {fileID: 1649493110}
  m_Enabled: 1
  m_CastShadows: 1
  m_ReceiveShadows: 1
  m_LightmapIndex: 255
  m_LightmapTilingOffset: {x: 1, y: 1, z: 0, w: 0}
  m_Materials:
  - {fileID: 10302, guid: 0000000000000000f000000000000000, type: 0}
  m_SubsetIndices: 
  m_StaticBatchRoot: {fileID: 0}
  m_UseLightProbes: 0
  m_LightProbeAnchor: {fileID: 0}
  m_ScaleInLightmap: 1
  m_SortingLayerID: 0
  m_SortingOrder: 0
--- !u!65 &1649493114
BoxCollider:
  m_ObjectHideFlags: 0
  m_PrefabParentObject: {fileID: 6500000, guid: 4465826b37a62c64cb4ed8828711752f,
    type: 2}
  m_PrefabInternal: {fileID: 930625279}
  m_GameObject: {fileID: 1649493110}
  m_Material: {fileID: 0}
  m_IsTrigger: 1
  m_Enabled: 1
  serializedVersion: 2
  m_Size: {x: 1, y: 1, z: 1}
  m_Center: {x: 0, y: 0, z: 0}
--- !u!33 &1649493115
MeshFilter:
  m_ObjectHideFlags: 0
  m_PrefabParentObject: {fileID: 3300000, guid: 4465826b37a62c64cb4ed8828711752f,
    type: 2}
  m_PrefabInternal: {fileID: 930625279}
  m_GameObject: {fileID: 1649493110}
  m_Mesh: {fileID: 10202, guid: 0000000000000000e000000000000000, type: 0}
--- !u!54 &1649493116
Rigidbody:
  m_ObjectHideFlags: 0
  m_PrefabParentObject: {fileID: 5400000, guid: 4465826b37a62c64cb4ed8828711752f,
    type: 2}
  m_PrefabInternal: {fileID: 930625279}
  m_GameObject: {fileID: 1649493110}
  serializedVersion: 2
  m_Mass: 1
  m_Drag: 0
  m_AngularDrag: .0500000007
  m_UseGravity: 1
  m_IsKinematic: 1
  m_Interpolate: 0
  m_Constraints: 0
  m_CollisionDetection: 0
--- !u!1 &1669805231
GameObject:
  m_ObjectHideFlags: 0
  m_PrefabParentObject: {fileID: 100000, guid: 4465826b37a62c64cb4ed8828711752f, type: 2}
  m_PrefabInternal: {fileID: 2131915059}
  serializedVersion: 4
  m_Component:
  - 4: {fileID: 1669805232}
  - 33: {fileID: 1669805236}
  - 65: {fileID: 1669805235}
  - 23: {fileID: 1669805234}
  - 114: {fileID: 1669805233}
  - 54: {fileID: 1669805237}
  m_Layer: 0
  m_Name: PickUp
  m_TagString: PickUp
  m_Icon: {fileID: 0}
  m_NavMeshLayer: 0
  m_StaticEditorFlags: 0
  m_IsActive: 1
--- !u!4 &1669805232
Transform:
  m_ObjectHideFlags: 0
  m_PrefabParentObject: {fileID: 400000, guid: 4465826b37a62c64cb4ed8828711752f, type: 2}
  m_PrefabInternal: {fileID: 2131915059}
  m_GameObject: {fileID: 1669805231}
  m_LocalRotation: {x: .461939991, y: .191341996, z: .191341996, w: .844623029}
  m_LocalPosition: {x: 3.90179992, y: .5, z: 2.35290003}
  m_LocalScale: {x: .5, y: .49999997, z: .5}
  m_Children: []
  m_Father: {fileID: 1493345241}
  m_RootOrder: 2
--- !u!114 &1669805233
MonoBehaviour:
  m_ObjectHideFlags: 0
  m_PrefabParentObject: {fileID: 11400000, guid: 4465826b37a62c64cb4ed8828711752f,
    type: 2}
  m_PrefabInternal: {fileID: 2131915059}
  m_GameObject: {fileID: 1669805231}
  m_Enabled: 1
  m_EditorHideFlags: 0
  m_Script: {fileID: 11500000, guid: 6e60f938053500f47b9734ee7c6a0a27, type: 3}
  m_Name: 
  m_EditorClassIdentifier: 
  currency: {fileID: 400000, guid: 03dcb32a8da25844ca3efeb16d77633c, type: 2}
  powerup: {fileID: 400000, guid: bf16ab2fc93be014ba831e1bd9b35a55, type: 2}
--- !u!23 &1669805234
Renderer:
  m_ObjectHideFlags: 0
  m_PrefabParentObject: {fileID: 2300000, guid: 4465826b37a62c64cb4ed8828711752f,
    type: 2}
  m_PrefabInternal: {fileID: 2131915059}
  m_GameObject: {fileID: 1669805231}
  m_Enabled: 1
  m_CastShadows: 1
  m_ReceiveShadows: 1
  m_LightmapIndex: 255
  m_LightmapTilingOffset: {x: 1, y: 1, z: 0, w: 0}
  m_Materials:
  - {fileID: 10302, guid: 0000000000000000f000000000000000, type: 0}
  m_SubsetIndices: 
  m_StaticBatchRoot: {fileID: 0}
  m_UseLightProbes: 0
  m_LightProbeAnchor: {fileID: 0}
  m_ScaleInLightmap: 1
  m_SortingLayerID: 0
  m_SortingOrder: 0
--- !u!65 &1669805235
BoxCollider:
  m_ObjectHideFlags: 0
  m_PrefabParentObject: {fileID: 6500000, guid: 4465826b37a62c64cb4ed8828711752f,
    type: 2}
  m_PrefabInternal: {fileID: 2131915059}
  m_GameObject: {fileID: 1669805231}
  m_Material: {fileID: 0}
  m_IsTrigger: 1
  m_Enabled: 1
  serializedVersion: 2
  m_Size: {x: 1, y: 1, z: 1}
  m_Center: {x: 0, y: 0, z: 0}
--- !u!33 &1669805236
MeshFilter:
  m_ObjectHideFlags: 0
  m_PrefabParentObject: {fileID: 3300000, guid: 4465826b37a62c64cb4ed8828711752f,
    type: 2}
  m_PrefabInternal: {fileID: 2131915059}
  m_GameObject: {fileID: 1669805231}
  m_Mesh: {fileID: 10202, guid: 0000000000000000e000000000000000, type: 0}
--- !u!54 &1669805237
Rigidbody:
  m_ObjectHideFlags: 0
  m_PrefabParentObject: {fileID: 5400000, guid: 4465826b37a62c64cb4ed8828711752f,
    type: 2}
  m_PrefabInternal: {fileID: 2131915059}
  m_GameObject: {fileID: 1669805231}
  serializedVersion: 2
  m_Mass: 1
  m_Drag: 0
  m_AngularDrag: .0500000007
  m_UseGravity: 1
  m_IsKinematic: 1
  m_Interpolate: 0
  m_Constraints: 0
  m_CollisionDetection: 0
--- !u!1 &1698492776
GameObject:
  m_ObjectHideFlags: 0
  m_PrefabParentObject: {fileID: 0}
  m_PrefabInternal: {fileID: 0}
  serializedVersion: 4
  m_Component:
  - 4: {fileID: 1698492780}
  - 33: {fileID: 1698492779}
  - 64: {fileID: 1698492778}
  - 23: {fileID: 1698492777}
  m_Layer: 0
  m_Name: Backdrop
  m_TagString: Untagged
  m_Icon: {fileID: 0}
  m_NavMeshLayer: 0
  m_StaticEditorFlags: 0
  m_IsActive: 1
--- !u!23 &1698492777
Renderer:
  m_ObjectHideFlags: 0
  m_PrefabParentObject: {fileID: 0}
  m_PrefabInternal: {fileID: 0}
  m_GameObject: {fileID: 1698492776}
  m_Enabled: 1
  m_CastShadows: 0
  m_ReceiveShadows: 0
  m_LightmapIndex: 255
  m_LightmapTilingOffset: {x: 1, y: 1, z: 0, w: 0}
  m_Materials:
  - {fileID: 2100000, guid: 6a64ea780682ecd48b27233d1e409c6d, type: 2}
  m_SubsetIndices: 
  m_StaticBatchRoot: {fileID: 0}
  m_UseLightProbes: 0
  m_LightProbeAnchor: {fileID: 0}
  m_ScaleInLightmap: 1
  m_SortingLayerID: 0
  m_SortingOrder: 0
--- !u!64 &1698492778
MeshCollider:
  m_ObjectHideFlags: 0
  m_PrefabParentObject: {fileID: 0}
  m_PrefabInternal: {fileID: 0}
  m_GameObject: {fileID: 1698492776}
  m_Material: {fileID: 0}
  m_IsTrigger: 0
  m_Enabled: 1
  serializedVersion: 2
  m_SmoothSphereCollisions: 0
  m_Convex: 0
  m_Mesh: {fileID: 10210, guid: 0000000000000000e000000000000000, type: 0}
--- !u!33 &1698492779
MeshFilter:
  m_ObjectHideFlags: 0
  m_PrefabParentObject: {fileID: 0}
  m_PrefabInternal: {fileID: 0}
  m_GameObject: {fileID: 1698492776}
  m_Mesh: {fileID: 10210, guid: 0000000000000000e000000000000000, type: 0}
--- !u!4 &1698492780
Transform:
  m_ObjectHideFlags: 0
  m_PrefabParentObject: {fileID: 0}
  m_PrefabInternal: {fileID: 0}
  m_GameObject: {fileID: 1698492776}
  m_LocalRotation: {x: 0, y: 0, z: 0, w: 1}
  m_LocalPosition: {x: 0, y: 4, z: 10}
  m_LocalScale: {x: 6, y: 6, z: 1}
  m_Children: []
  m_Father: {fileID: 0}
  m_RootOrder: 10
--- !u!1 &1705974700
GameObject:
  m_ObjectHideFlags: 0
  m_PrefabParentObject: {fileID: 100000, guid: 4465826b37a62c64cb4ed8828711752f, type: 2}
  m_PrefabInternal: {fileID: 330982791}
  serializedVersion: 4
  m_Component:
  - 4: {fileID: 1705974701}
  - 33: {fileID: 1705974705}
  - 65: {fileID: 1705974704}
  - 23: {fileID: 1705974703}
  - 114: {fileID: 1705974702}
  - 54: {fileID: 1705974706}
  m_Layer: 0
  m_Name: PickUp
  m_TagString: PickUp
  m_Icon: {fileID: 0}
  m_NavMeshLayer: 0
  m_StaticEditorFlags: 0
  m_IsActive: 1
--- !u!4 &1705974701
Transform:
  m_ObjectHideFlags: 0
  m_PrefabParentObject: {fileID: 400000, guid: 4465826b37a62c64cb4ed8828711752f, type: 2}
  m_PrefabInternal: {fileID: 330982791}
  m_GameObject: {fileID: 1705974700}
  m_LocalRotation: {x: .461939991, y: .191341996, z: .191341996, w: .844623029}
  m_LocalPosition: {x: 2.23390007, y: .5, z: 3.93149996}
  m_LocalScale: {x: .5, y: .49999997, z: .5}
  m_Children: []
  m_Father: {fileID: 1493345241}
  m_RootOrder: 1
--- !u!114 &1705974702
MonoBehaviour:
  m_ObjectHideFlags: 0
  m_PrefabParentObject: {fileID: 11400000, guid: 4465826b37a62c64cb4ed8828711752f,
    type: 2}
  m_PrefabInternal: {fileID: 330982791}
  m_GameObject: {fileID: 1705974700}
  m_Enabled: 1
  m_EditorHideFlags: 0
  m_Script: {fileID: 11500000, guid: 6e60f938053500f47b9734ee7c6a0a27, type: 3}
  m_Name: 
  m_EditorClassIdentifier: 
  currency: {fileID: 400000, guid: 03dcb32a8da25844ca3efeb16d77633c, type: 2}
  powerup: {fileID: 400000, guid: bf16ab2fc93be014ba831e1bd9b35a55, type: 2}
--- !u!23 &1705974703
Renderer:
  m_ObjectHideFlags: 0
  m_PrefabParentObject: {fileID: 2300000, guid: 4465826b37a62c64cb4ed8828711752f,
    type: 2}
  m_PrefabInternal: {fileID: 330982791}
  m_GameObject: {fileID: 1705974700}
  m_Enabled: 1
  m_CastShadows: 1
  m_ReceiveShadows: 1
  m_LightmapIndex: 255
  m_LightmapTilingOffset: {x: 1, y: 1, z: 0, w: 0}
  m_Materials:
  - {fileID: 10302, guid: 0000000000000000f000000000000000, type: 0}
  m_SubsetIndices: 
  m_StaticBatchRoot: {fileID: 0}
  m_UseLightProbes: 0
  m_LightProbeAnchor: {fileID: 0}
  m_ScaleInLightmap: 1
  m_SortingLayerID: 0
  m_SortingOrder: 0
--- !u!65 &1705974704
BoxCollider:
  m_ObjectHideFlags: 0
  m_PrefabParentObject: {fileID: 6500000, guid: 4465826b37a62c64cb4ed8828711752f,
    type: 2}
  m_PrefabInternal: {fileID: 330982791}
  m_GameObject: {fileID: 1705974700}
  m_Material: {fileID: 0}
  m_IsTrigger: 1
  m_Enabled: 1
  serializedVersion: 2
  m_Size: {x: 1, y: 1, z: 1}
  m_Center: {x: 0, y: 0, z: 0}
--- !u!33 &1705974705
MeshFilter:
  m_ObjectHideFlags: 0
  m_PrefabParentObject: {fileID: 3300000, guid: 4465826b37a62c64cb4ed8828711752f,
    type: 2}
  m_PrefabInternal: {fileID: 330982791}
  m_GameObject: {fileID: 1705974700}
  m_Mesh: {fileID: 10202, guid: 0000000000000000e000000000000000, type: 0}
--- !u!54 &1705974706
Rigidbody:
  m_ObjectHideFlags: 0
  m_PrefabParentObject: {fileID: 5400000, guid: 4465826b37a62c64cb4ed8828711752f,
    type: 2}
  m_PrefabInternal: {fileID: 330982791}
  m_GameObject: {fileID: 1705974700}
  serializedVersion: 2
  m_Mass: 1
  m_Drag: 0
  m_AngularDrag: .0500000007
  m_UseGravity: 1
  m_IsKinematic: 1
  m_Interpolate: 0
  m_Constraints: 0
  m_CollisionDetection: 0
--- !u!1 &1717400484
GameObject:
  m_ObjectHideFlags: 0
  m_PrefabParentObject: {fileID: 0}
  m_PrefabInternal: {fileID: 0}
  serializedVersion: 4
  m_Component:
  - 4: {fileID: 1717400485}
  - 33: {fileID: 1717400488}
  - 65: {fileID: 1717400487}
  - 23: {fileID: 1717400486}
  m_Layer: 0
  m_Name: East Wall
  m_TagString: Untagged
  m_Icon: {fileID: 0}
  m_NavMeshLayer: 0
  m_StaticEditorFlags: 0
  m_IsActive: 1
--- !u!4 &1717400485
Transform:
  m_ObjectHideFlags: 0
  m_PrefabParentObject: {fileID: 0}
  m_PrefabInternal: {fileID: 0}
  m_GameObject: {fileID: 1717400484}
  m_LocalRotation: {x: 0, y: 0, z: 0, w: 1}
  m_LocalPosition: {x: 10, y: 0, z: 0}
  m_LocalScale: {x: .5, y: 2, z: 20.5}
  m_Children: []
  m_Father: {fileID: 74006693}
  m_RootOrder: 1
--- !u!23 &1717400486
Renderer:
  m_ObjectHideFlags: 0
  m_PrefabParentObject: {fileID: 0}
  m_PrefabInternal: {fileID: 0}
  m_GameObject: {fileID: 1717400484}
  m_Enabled: 1
  m_CastShadows: 1
  m_ReceiveShadows: 1
  m_LightmapIndex: 255
  m_LightmapTilingOffset: {x: 1, y: 1, z: 0, w: 0}
  m_Materials:
  - {fileID: 10302, guid: 0000000000000000f000000000000000, type: 0}
  m_SubsetIndices: 
  m_StaticBatchRoot: {fileID: 0}
  m_UseLightProbes: 0
  m_LightProbeAnchor: {fileID: 0}
  m_ScaleInLightmap: 1
  m_SortingLayerID: 0
  m_SortingOrder: 0
--- !u!65 &1717400487
BoxCollider:
  m_ObjectHideFlags: 0
  m_PrefabParentObject: {fileID: 0}
  m_PrefabInternal: {fileID: 0}
  m_GameObject: {fileID: 1717400484}
  m_Material: {fileID: 0}
  m_IsTrigger: 0
  m_Enabled: 1
  serializedVersion: 2
  m_Size: {x: 1, y: 1, z: 1}
  m_Center: {x: 0, y: 0, z: 0}
--- !u!33 &1717400488
MeshFilter:
  m_ObjectHideFlags: 0
  m_PrefabParentObject: {fileID: 0}
  m_PrefabInternal: {fileID: 0}
  m_GameObject: {fileID: 1717400484}
  m_Mesh: {fileID: 10202, guid: 0000000000000000e000000000000000, type: 0}
--- !u!1001 &1729127032
Prefab:
  m_ObjectHideFlags: 0
  serializedVersion: 2
  m_Modification:
    m_TransformParent: {fileID: 1493345241}
    m_Modifications:
    - target: {fileID: 400000, guid: 4465826b37a62c64cb4ed8828711752f, type: 2}
      propertyPath: m_LocalPosition.x
      value: 3.9612999
      objectReference: {fileID: 0}
    - target: {fileID: 400000, guid: 4465826b37a62c64cb4ed8828711752f, type: 2}
      propertyPath: m_LocalPosition.y
      value: .5
      objectReference: {fileID: 0}
    - target: {fileID: 400000, guid: 4465826b37a62c64cb4ed8828711752f, type: 2}
      propertyPath: m_LocalPosition.z
      value: -2.0553
      objectReference: {fileID: 0}
    - target: {fileID: 400000, guid: 4465826b37a62c64cb4ed8828711752f, type: 2}
      propertyPath: m_LocalRotation.x
      value: .461939991
      objectReference: {fileID: 0}
    - target: {fileID: 400000, guid: 4465826b37a62c64cb4ed8828711752f, type: 2}
      propertyPath: m_LocalRotation.y
      value: .191341996
      objectReference: {fileID: 0}
    - target: {fileID: 400000, guid: 4465826b37a62c64cb4ed8828711752f, type: 2}
      propertyPath: m_LocalRotation.z
      value: .191341996
      objectReference: {fileID: 0}
    - target: {fileID: 400000, guid: 4465826b37a62c64cb4ed8828711752f, type: 2}
      propertyPath: m_LocalRotation.w
      value: .844623029
      objectReference: {fileID: 0}
    - target: {fileID: 400000, guid: 4465826b37a62c64cb4ed8828711752f, type: 2}
      propertyPath: m_RootOrder
      value: 4
      objectReference: {fileID: 0}
    - target: {fileID: 400000, guid: 4465826b37a62c64cb4ed8828711752f, type: 2}
      propertyPath: m_LocalScale.z
      value: .5
      objectReference: {fileID: 0}
    - target: {fileID: 400000, guid: 4465826b37a62c64cb4ed8828711752f, type: 2}
      propertyPath: m_LocalScale.y
      value: .49999997
      objectReference: {fileID: 0}
    m_RemovedComponents: []
  m_ParentPrefab: {fileID: 100100000, guid: 4465826b37a62c64cb4ed8828711752f, type: 2}
  m_RootGameObject: {fileID: 322758357}
  m_IsPrefabParent: 0
  m_IsExploded: 1
--- !u!1 &1766749121
GameObject:
  m_ObjectHideFlags: 0
  m_PrefabParentObject: {fileID: 0}
  m_PrefabInternal: {fileID: 0}
  serializedVersion: 4
  m_Component:
  - 4: {fileID: 1766749122}
  - 33: {fileID: 1766749125}
  - 65: {fileID: 1766749124}
  - 23: {fileID: 1766749123}
  m_Layer: 0
  m_Name: North Wall
  m_TagString: Untagged
  m_Icon: {fileID: 0}
  m_NavMeshLayer: 0
  m_StaticEditorFlags: 0
  m_IsActive: 1
--- !u!4 &1766749122
Transform:
  m_ObjectHideFlags: 0
  m_PrefabParentObject: {fileID: 0}
  m_PrefabInternal: {fileID: 0}
  m_GameObject: {fileID: 1766749121}
  m_LocalRotation: {x: 0, y: 0, z: 0, w: 1}
  m_LocalPosition: {x: 0, y: 0, z: 10}
  m_LocalScale: {x: 19.5, y: 2, z: .5}
  m_Children: []
  m_Father: {fileID: 74006693}
  m_RootOrder: 2
--- !u!23 &1766749123
Renderer:
  m_ObjectHideFlags: 0
  m_PrefabParentObject: {fileID: 0}
  m_PrefabInternal: {fileID: 0}
  m_GameObject: {fileID: 1766749121}
  m_Enabled: 1
  m_CastShadows: 1
  m_ReceiveShadows: 1
  m_LightmapIndex: 255
  m_LightmapTilingOffset: {x: 1, y: 1, z: 0, w: 0}
  m_Materials:
  - {fileID: 10302, guid: 0000000000000000f000000000000000, type: 0}
  m_SubsetIndices: 
  m_StaticBatchRoot: {fileID: 0}
  m_UseLightProbes: 0
  m_LightProbeAnchor: {fileID: 0}
  m_ScaleInLightmap: 1
  m_SortingLayerID: 0
  m_SortingOrder: 0
--- !u!65 &1766749124
BoxCollider:
  m_ObjectHideFlags: 0
  m_PrefabParentObject: {fileID: 0}
  m_PrefabInternal: {fileID: 0}
  m_GameObject: {fileID: 1766749121}
  m_Material: {fileID: 0}
  m_IsTrigger: 0
  m_Enabled: 1
  serializedVersion: 2
  m_Size: {x: 1, y: 1, z: 1}
  m_Center: {x: 0, y: 0, z: 0}
--- !u!33 &1766749125
MeshFilter:
  m_ObjectHideFlags: 0
  m_PrefabParentObject: {fileID: 0}
  m_PrefabInternal: {fileID: 0}
  m_GameObject: {fileID: 1766749121}
  m_Mesh: {fileID: 10202, guid: 0000000000000000e000000000000000, type: 0}
--- !u!1 &1830009622
GameObject:
  m_ObjectHideFlags: 0
  m_PrefabParentObject: {fileID: 100000, guid: 4465826b37a62c64cb4ed8828711752f, type: 2}
  m_PrefabInternal: {fileID: 725382096}
  serializedVersion: 4
  m_Component:
  - 4: {fileID: 1830009623}
  - 33: {fileID: 1830009627}
  - 65: {fileID: 1830009626}
  - 23: {fileID: 1830009625}
  - 114: {fileID: 1830009624}
  - 54: {fileID: 1830009628}
  m_Layer: 0
  m_Name: PickUp
  m_TagString: PickUp
  m_Icon: {fileID: 0}
  m_NavMeshLayer: 0
  m_StaticEditorFlags: 0
  m_IsActive: 1
--- !u!4 &1830009623
Transform:
  m_ObjectHideFlags: 0
  m_PrefabParentObject: {fileID: 400000, guid: 4465826b37a62c64cb4ed8828711752f, type: 2}
  m_PrefabInternal: {fileID: 725382096}
  m_GameObject: {fileID: 1830009622}
  m_LocalRotation: {x: .461939991, y: .191341996, z: .191341996, w: .844623029}
  m_LocalPosition: {x: 5.41209993e-05, y: .5, z: -4.52740002}
  m_LocalScale: {x: .5, y: .49999997, z: .5}
  m_Children: []
  m_Father: {fileID: 1493345241}
  m_RootOrder: 6
--- !u!114 &1830009624
MonoBehaviour:
  m_ObjectHideFlags: 0
  m_PrefabParentObject: {fileID: 11400000, guid: 4465826b37a62c64cb4ed8828711752f,
    type: 2}
  m_PrefabInternal: {fileID: 725382096}
  m_GameObject: {fileID: 1830009622}
  m_Enabled: 1
  m_EditorHideFlags: 0
  m_Script: {fileID: 11500000, guid: 6e60f938053500f47b9734ee7c6a0a27, type: 3}
  m_Name: 
  m_EditorClassIdentifier: 
  currency: {fileID: 400000, guid: 03dcb32a8da25844ca3efeb16d77633c, type: 2}
  powerup: {fileID: 400000, guid: bf16ab2fc93be014ba831e1bd9b35a55, type: 2}
--- !u!23 &1830009625
Renderer:
  m_ObjectHideFlags: 0
  m_PrefabParentObject: {fileID: 2300000, guid: 4465826b37a62c64cb4ed8828711752f,
    type: 2}
  m_PrefabInternal: {fileID: 725382096}
  m_GameObject: {fileID: 1830009622}
  m_Enabled: 1
  m_CastShadows: 1
  m_ReceiveShadows: 1
  m_LightmapIndex: 255
  m_LightmapTilingOffset: {x: 1, y: 1, z: 0, w: 0}
  m_Materials:
  - {fileID: 10302, guid: 0000000000000000f000000000000000, type: 0}
  m_SubsetIndices: 
  m_StaticBatchRoot: {fileID: 0}
  m_UseLightProbes: 0
  m_LightProbeAnchor: {fileID: 0}
  m_ScaleInLightmap: 1
  m_SortingLayerID: 0
  m_SortingOrder: 0
--- !u!65 &1830009626
BoxCollider:
  m_ObjectHideFlags: 0
  m_PrefabParentObject: {fileID: 6500000, guid: 4465826b37a62c64cb4ed8828711752f,
    type: 2}
  m_PrefabInternal: {fileID: 725382096}
  m_GameObject: {fileID: 1830009622}
  m_Material: {fileID: 0}
  m_IsTrigger: 1
  m_Enabled: 1
  serializedVersion: 2
  m_Size: {x: 1, y: 1, z: 1}
  m_Center: {x: 0, y: 0, z: 0}
--- !u!33 &1830009627
MeshFilter:
  m_ObjectHideFlags: 0
  m_PrefabParentObject: {fileID: 3300000, guid: 4465826b37a62c64cb4ed8828711752f,
    type: 2}
  m_PrefabInternal: {fileID: 725382096}
  m_GameObject: {fileID: 1830009622}
  m_Mesh: {fileID: 10202, guid: 0000000000000000e000000000000000, type: 0}
--- !u!54 &1830009628
Rigidbody:
  m_ObjectHideFlags: 0
  m_PrefabParentObject: {fileID: 5400000, guid: 4465826b37a62c64cb4ed8828711752f,
    type: 2}
  m_PrefabInternal: {fileID: 725382096}
  m_GameObject: {fileID: 1830009622}
  serializedVersion: 2
  m_Mass: 1
  m_Drag: 0
  m_AngularDrag: .0500000007
  m_UseGravity: 1
  m_IsKinematic: 1
  m_Interpolate: 0
  m_Constraints: 0
  m_CollisionDetection: 0
--- !u!1 &1905886052
GameObject:
  m_ObjectHideFlags: 0
  m_PrefabParentObject: {fileID: 0}
  m_PrefabInternal: {fileID: 0}
  serializedVersion: 4
  m_Component:
  - 4: {fileID: 1905886056}
  - 33: {fileID: 1905886055}
  - 135: {fileID: 1905886054}
  - 23: {fileID: 1905886053}
  - 114: {fileID: 1905886057}
  m_Layer: 0
  m_Name: DayGroup
  m_TagString: Sun
  m_Icon: {fileID: 0}
  m_NavMeshLayer: 0
  m_StaticEditorFlags: 0
  m_IsActive: 1
--- !u!23 &1905886053
Renderer:
  m_ObjectHideFlags: 0
  m_PrefabParentObject: {fileID: 0}
  m_PrefabInternal: {fileID: 0}
  m_GameObject: {fileID: 1905886052}
  m_Enabled: 1
  m_CastShadows: 1
  m_ReceiveShadows: 1
  m_LightmapIndex: 255
  m_LightmapTilingOffset: {x: 1, y: 1, z: 0, w: 0}
  m_Materials:
  - {fileID: 2100000, guid: 7eda6e1b69e78f64983ce590254196bc, type: 2}
  m_SubsetIndices: 
  m_StaticBatchRoot: {fileID: 0}
  m_UseLightProbes: 0
  m_LightProbeAnchor: {fileID: 0}
  m_ScaleInLightmap: 1
  m_SortingLayerID: 0
  m_SortingOrder: 0
--- !u!135 &1905886054
SphereCollider:
  m_ObjectHideFlags: 0
  m_PrefabParentObject: {fileID: 0}
  m_PrefabInternal: {fileID: 0}
  m_GameObject: {fileID: 1905886052}
  m_Material: {fileID: 0}
  m_IsTrigger: 0
  m_Enabled: 1
  serializedVersion: 2
  m_Radius: .5
  m_Center: {x: 0, y: 0, z: 0}
--- !u!33 &1905886055
MeshFilter:
  m_ObjectHideFlags: 0
  m_PrefabParentObject: {fileID: 0}
  m_PrefabInternal: {fileID: 0}
  m_GameObject: {fileID: 1905886052}
  m_Mesh: {fileID: 10207, guid: 0000000000000000e000000000000000, type: 0}
--- !u!4 &1905886056
Transform:
  m_ObjectHideFlags: 0
  m_PrefabParentObject: {fileID: 0}
  m_PrefabInternal: {fileID: 0}
  m_GameObject: {fileID: 1905886052}
  m_LocalRotation: {x: 0, y: 0, z: 0, w: 1}
  m_LocalPosition: {x: -12, y: 5, z: 2}
  m_LocalScale: {x: 1, y: 1, z: 1}
  m_Children: []
  m_Father: {fileID: 0}
  m_RootOrder: 9
--- !u!114 &1905886057
MonoBehaviour:
  m_ObjectHideFlags: 0
  m_PrefabParentObject: {fileID: 0}
  m_PrefabInternal: {fileID: 0}
  m_GameObject: {fileID: 1905886052}
  m_Enabled: 1
  m_EditorHideFlags: 0
  m_Script: {fileID: 11500000, guid: 146511f8eee68d24eb3f9e819b2b9937, type: 3}
  m_Name: 
  m_EditorClassIdentifier: 
  yValueForDay: 5
  yValueForNight: -5
  changeSpeed: 32
  isDayGroup: 1
--- !u!1 &2004577027
GameObject:
  m_ObjectHideFlags: 0
  m_PrefabParentObject: {fileID: 0}
  m_PrefabInternal: {fileID: 0}
  serializedVersion: 4
  m_Component:
  - 4: {fileID: 2004577028}
  - 33: {fileID: 2004577031}
  - 65: {fileID: 2004577030}
  - 23: {fileID: 2004577029}
  m_Layer: 0
  m_Name: West Wall
  m_TagString: Untagged
  m_Icon: {fileID: 0}
  m_NavMeshLayer: 0
  m_StaticEditorFlags: 0
  m_IsActive: 1
--- !u!4 &2004577028
Transform:
  m_ObjectHideFlags: 0
  m_PrefabParentObject: {fileID: 0}
  m_PrefabInternal: {fileID: 0}
  m_GameObject: {fileID: 2004577027}
  m_LocalRotation: {x: 0, y: 0, z: 0, w: 1}
  m_LocalPosition: {x: -10, y: 0, z: 0}
  m_LocalScale: {x: .5, y: 2, z: 20.5}
  m_Children: []
  m_Father: {fileID: 74006693}
  m_RootOrder: 0
--- !u!23 &2004577029
Renderer:
  m_ObjectHideFlags: 0
  m_PrefabParentObject: {fileID: 0}
  m_PrefabInternal: {fileID: 0}
  m_GameObject: {fileID: 2004577027}
  m_Enabled: 1
  m_CastShadows: 1
  m_ReceiveShadows: 1
  m_LightmapIndex: 255
  m_LightmapTilingOffset: {x: 1, y: 1, z: 0, w: 0}
  m_Materials:
  - {fileID: 10302, guid: 0000000000000000f000000000000000, type: 0}
  m_SubsetIndices: 
  m_StaticBatchRoot: {fileID: 0}
  m_UseLightProbes: 0
  m_LightProbeAnchor: {fileID: 0}
  m_ScaleInLightmap: 1
  m_SortingLayerID: 0
  m_SortingOrder: 0
--- !u!65 &2004577030
BoxCollider:
  m_ObjectHideFlags: 0
  m_PrefabParentObject: {fileID: 0}
  m_PrefabInternal: {fileID: 0}
  m_GameObject: {fileID: 2004577027}
  m_Material: {fileID: 0}
  m_IsTrigger: 0
  m_Enabled: 1
  serializedVersion: 2
  m_Size: {x: 1, y: 1, z: 1}
  m_Center: {x: 0, y: 0, z: 0}
--- !u!33 &2004577031
MeshFilter:
  m_ObjectHideFlags: 0
  m_PrefabParentObject: {fileID: 0}
  m_PrefabInternal: {fileID: 0}
  m_GameObject: {fileID: 2004577027}
  m_Mesh: {fileID: 10202, guid: 0000000000000000e000000000000000, type: 0}
--- !u!1001 &2011022890
Prefab:
  m_ObjectHideFlags: 0
  serializedVersion: 2
  m_Modification:
    m_TransformParent: {fileID: 1493345241}
    m_Modifications:
    - target: {fileID: 400000, guid: 4465826b37a62c64cb4ed8828711752f, type: 2}
      propertyPath: m_LocalPosition.x
      value: -4.02089977
      objectReference: {fileID: 0}
    - target: {fileID: 400000, guid: 4465826b37a62c64cb4ed8828711752f, type: 2}
      propertyPath: m_LocalPosition.y
      value: .5
      objectReference: {fileID: 0}
    - target: {fileID: 400000, guid: 4465826b37a62c64cb4ed8828711752f, type: 2}
      propertyPath: m_LocalPosition.z
      value: -2.20420003
      objectReference: {fileID: 0}
    - target: {fileID: 400000, guid: 4465826b37a62c64cb4ed8828711752f, type: 2}
      propertyPath: m_LocalRotation.x
      value: .461939991
      objectReference: {fileID: 0}
    - target: {fileID: 400000, guid: 4465826b37a62c64cb4ed8828711752f, type: 2}
      propertyPath: m_LocalRotation.y
      value: .191341996
      objectReference: {fileID: 0}
    - target: {fileID: 400000, guid: 4465826b37a62c64cb4ed8828711752f, type: 2}
      propertyPath: m_LocalRotation.z
      value: .191341996
      objectReference: {fileID: 0}
    - target: {fileID: 400000, guid: 4465826b37a62c64cb4ed8828711752f, type: 2}
      propertyPath: m_LocalRotation.w
      value: .844623029
      objectReference: {fileID: 0}
    - target: {fileID: 400000, guid: 4465826b37a62c64cb4ed8828711752f, type: 2}
      propertyPath: m_RootOrder
      value: 8
      objectReference: {fileID: 0}
    - target: {fileID: 400000, guid: 4465826b37a62c64cb4ed8828711752f, type: 2}
      propertyPath: m_LocalScale.z
      value: .5
      objectReference: {fileID: 0}
    - target: {fileID: 400000, guid: 4465826b37a62c64cb4ed8828711752f, type: 2}
      propertyPath: m_LocalScale.y
      value: .49999997
      objectReference: {fileID: 0}
    m_RemovedComponents: []
  m_ParentPrefab: {fileID: 100100000, guid: 4465826b37a62c64cb4ed8828711752f, type: 2}
  m_RootGameObject: {fileID: 23382496}
  m_IsPrefabParent: 0
  m_IsExploded: 1
--- !u!1001 &2131915059
Prefab:
  m_ObjectHideFlags: 0
  serializedVersion: 2
  m_Modification:
    m_TransformParent: {fileID: 1493345241}
    m_Modifications:
    - target: {fileID: 400000, guid: 4465826b37a62c64cb4ed8828711752f, type: 2}
      propertyPath: m_LocalPosition.x
      value: 3.90179992
      objectReference: {fileID: 0}
    - target: {fileID: 400000, guid: 4465826b37a62c64cb4ed8828711752f, type: 2}
      propertyPath: m_LocalPosition.y
      value: .5
      objectReference: {fileID: 0}
    - target: {fileID: 400000, guid: 4465826b37a62c64cb4ed8828711752f, type: 2}
      propertyPath: m_LocalPosition.z
      value: 2.35290003
      objectReference: {fileID: 0}
    - target: {fileID: 400000, guid: 4465826b37a62c64cb4ed8828711752f, type: 2}
      propertyPath: m_LocalRotation.x
      value: .461939991
      objectReference: {fileID: 0}
    - target: {fileID: 400000, guid: 4465826b37a62c64cb4ed8828711752f, type: 2}
      propertyPath: m_LocalRotation.y
      value: .191341996
      objectReference: {fileID: 0}
    - target: {fileID: 400000, guid: 4465826b37a62c64cb4ed8828711752f, type: 2}
      propertyPath: m_LocalRotation.z
      value: .191341996
      objectReference: {fileID: 0}
    - target: {fileID: 400000, guid: 4465826b37a62c64cb4ed8828711752f, type: 2}
      propertyPath: m_LocalRotation.w
      value: .844623029
      objectReference: {fileID: 0}
    - target: {fileID: 400000, guid: 4465826b37a62c64cb4ed8828711752f, type: 2}
      propertyPath: m_RootOrder
      value: 2
      objectReference: {fileID: 0}
    - target: {fileID: 400000, guid: 4465826b37a62c64cb4ed8828711752f, type: 2}
      propertyPath: m_LocalScale.z
      value: .5
      objectReference: {fileID: 0}
    - target: {fileID: 400000, guid: 4465826b37a62c64cb4ed8828711752f, type: 2}
      propertyPath: m_LocalScale.y
      value: .49999997
      objectReference: {fileID: 0}
    m_RemovedComponents: []
  m_ParentPrefab: {fileID: 100100000, guid: 4465826b37a62c64cb4ed8828711752f, type: 2}
  m_RootGameObject: {fileID: 1669805231}
  m_IsPrefabParent: 0
  m_IsExploded: 1
--- !u!1 &2143175254
GameObject:
  m_ObjectHideFlags: 0
  m_PrefabParentObject: {fileID: 100000, guid: 4465826b37a62c64cb4ed8828711752f, type: 2}
  m_PrefabInternal: {fileID: 1174343898}
  serializedVersion: 4
  m_Component:
  - 4: {fileID: 2143175255}
  - 33: {fileID: 2143175259}
  - 65: {fileID: 2143175258}
  - 23: {fileID: 2143175257}
  - 114: {fileID: 2143175256}
  - 54: {fileID: 2143175260}
  m_Layer: 0
  m_Name: PickUp
  m_TagString: PickUp
  m_Icon: {fileID: 0}
  m_NavMeshLayer: 0
  m_StaticEditorFlags: 0
  m_IsActive: 1
--- !u!4 &2143175255
Transform:
  m_ObjectHideFlags: 0
  m_PrefabParentObject: {fileID: 400000, guid: 4465826b37a62c64cb4ed8828711752f, type: 2}
  m_PrefabInternal: {fileID: 1174343898}
  m_GameObject: {fileID: 2143175254}
  m_LocalRotation: {x: .461939991, y: .191341996, z: .191341996, w: .844623029}
  m_LocalPosition: {x: -2.59120011, y: .5, z: 4.02080011}
  m_LocalScale: {x: .5, y: .49999997, z: .5}
  m_Children: []
  m_Father: {fileID: 1493345241}
  m_RootOrder: 11
--- !u!114 &2143175256
MonoBehaviour:
  m_ObjectHideFlags: 0
  m_PrefabParentObject: {fileID: 11400000, guid: 4465826b37a62c64cb4ed8828711752f,
    type: 2}
  m_PrefabInternal: {fileID: 1174343898}
  m_GameObject: {fileID: 2143175254}
  m_Enabled: 1
  m_EditorHideFlags: 0
  m_Script: {fileID: 11500000, guid: 6e60f938053500f47b9734ee7c6a0a27, type: 3}
  m_Name: 
  m_EditorClassIdentifier: 
  currency: {fileID: 400000, guid: 03dcb32a8da25844ca3efeb16d77633c, type: 2}
  powerup: {fileID: 400000, guid: bf16ab2fc93be014ba831e1bd9b35a55, type: 2}
--- !u!23 &2143175257
Renderer:
  m_ObjectHideFlags: 0
  m_PrefabParentObject: {fileID: 2300000, guid: 4465826b37a62c64cb4ed8828711752f,
    type: 2}
  m_PrefabInternal: {fileID: 1174343898}
  m_GameObject: {fileID: 2143175254}
  m_Enabled: 1
  m_CastShadows: 1
  m_ReceiveShadows: 1
  m_LightmapIndex: 255
  m_LightmapTilingOffset: {x: 1, y: 1, z: 0, w: 0}
  m_Materials:
  - {fileID: 10302, guid: 0000000000000000f000000000000000, type: 0}
  m_SubsetIndices: 
  m_StaticBatchRoot: {fileID: 0}
  m_UseLightProbes: 0
  m_LightProbeAnchor: {fileID: 0}
  m_ScaleInLightmap: 1
  m_SortingLayerID: 0
  m_SortingOrder: 0
--- !u!65 &2143175258
BoxCollider:
  m_ObjectHideFlags: 0
  m_PrefabParentObject: {fileID: 6500000, guid: 4465826b37a62c64cb4ed8828711752f,
    type: 2}
  m_PrefabInternal: {fileID: 1174343898}
  m_GameObject: {fileID: 2143175254}
  m_Material: {fileID: 0}
  m_IsTrigger: 1
  m_Enabled: 1
  serializedVersion: 2
  m_Size: {x: 1, y: 1, z: 1}
  m_Center: {x: 0, y: 0, z: 0}
--- !u!33 &2143175259
MeshFilter:
  m_ObjectHideFlags: 0
  m_PrefabParentObject: {fileID: 3300000, guid: 4465826b37a62c64cb4ed8828711752f,
    type: 2}
  m_PrefabInternal: {fileID: 1174343898}
  m_GameObject: {fileID: 2143175254}
  m_Mesh: {fileID: 10202, guid: 0000000000000000e000000000000000, type: 0}
--- !u!54 &2143175260
Rigidbody:
  m_ObjectHideFlags: 0
  m_PrefabParentObject: {fileID: 5400000, guid: 4465826b37a62c64cb4ed8828711752f,
    type: 2}
  m_PrefabInternal: {fileID: 1174343898}
  m_GameObject: {fileID: 2143175254}
  serializedVersion: 2
  m_Mass: 1
  m_Drag: 0
  m_AngularDrag: .0500000007
  m_UseGravity: 1
  m_IsKinematic: 1
  m_Interpolate: 0
  m_Constraints: 0
  m_CollisionDetection: 0
